2175 3526
947 319 1041 376 49-

524 534 647 594 Ox.
752 535 978 592 Acriter
1008 543 1325 609 puynatur.

276 634 510 715 Equites
536 637 781 696 hostium
808 636 1180 713 essedariique
1207 636 1410 694 acriter
1434 635 1631 713 proelio
1646 656 1771 696 cum

202 734 453 807 equitatu
480 733 668 785 nostro
695 727 755 784 in
794 726 992 784 itinere
1032 726 1438 796 conflixerunt3
1478 733 1683 798 tamen,
1712 735 1775 783 ut

201 818 374 875 nostri
418 818 672 874 omnibus
713 816 968 893 partibus
1007 816 1319 892 superiores
1357 816 1584 888 fuerint,
1606 823 1775 894 atque

203 927 294 966 eos
346 908 405 965 in
458 908 628 965 silvas
672 908 950 984 collesque
997 907 1406 982 compulerint3
1463 907 1578 979 sed,
1626 926 1776 964 com-

202 997 452 1074 pluribus
498 997 825 1069 interfectis‚
873 996 1132 1073 cupidius
1184 996 1438 1068 insecuti,
1481 996 1775 1054 nonnullos

202 1106 276 1145 ex
300 1087 416 1145 suls
461 1087 781 1145 amiserunt.
863 1086 945 1144 At
992 1086 1097 1158 illi,
1145 1085 1346 1143 nostris
1391 1086 1674 1162 occupatis
1718 1086 1773 1144 in

202 1177 510 1235 munitione
537 1185 860 1248 castrorum,
887 1176 1070 1234 subito
1098 1195 1157 1234 se
1184 1195 1257 1233 ex
1276 1175 1433 1234 silvis
1459 1176 1777 1252 ejecerunt;

203 1268 524 1346 impetuque
551 1267 610 1324 in
628 1286 720 1324 eos
745 1266 912 1337 facto,
939 1266 1143 1323 acriter
1167 1272 1575 1341 pugnaverunt.
1656 1265 1779 1323 Du-

202 1357 339 1415 abus
376 1348 562 1414 missis
607 1354 871 1414 subsidio‘
904 1355 1221 1413 cohortibus
1256 1375 1291 1413 a
1333 1355 1564 1428 Caesare,
1613 1362 1780 1434 atque

205 1447 288 1505 his
314 1447 508 1524 primis
545 1446 828 1522 legionum
867 1446 1120 1517 duarum,
1149 1464 1321 1522 quum
1346 1445 1450 1518 hae,
1478 1445 1781 1521 perexiguo

205 1537 516 1596 intermisso
536 1535 716 1612 spatio
737 1535 884 1594 inter
907 1555 983 1608 se,
1005 1536 1399 1607 constitissent,
1417 1555 1562 1594 novo
1581 1555 1783 1612 genere

203 1647 405 1703 pugnae
436 1625 747 1703 perterritis
782 1626 1002 1698 nostris,
1039 1645 1142 1702 per
1171 1626 1381 1684 medios
1423 1625 1784 1684 audacissime

204 1723 589 1794 proruperunt,
644 1735 812 1795 seque
884 1716 1014 1775 inde
1079 1716 1384 1776 incolumes
1436 1722 1775 1793 receperunt.

196 1805 464 1865 Pluribus
490 1807 774 1865 submissis
800 1807 1135 1880 cohortibus,
1163 1808 1525 1884 repelluntur.

540 1960 698 2020 CXI.
817 1962 1004 2021 Genus
1034 1982 1266 2038 puynoe.

282 2063 425 2121 Toto
457 2063 562 2121 hoc
601 2063 660 2121 in
701 2083 905 2139 genere
950 2085 1173 2141 pugnae,
1228 2085 1401 2142 quum
1453 2064 1557 2122 sub
1611 2064 1785 2122 oculis

140 2160 144 2163 ’
203 2153 451 2210 omnium
477 2153 853 2227 dimicaretur,
876 2154 1227 2213 intellectum
1248 2162 1352 2227 est,
1373 2160 1592 2213 nostros
1615 2173 1785 2231 prop-

204 2252 292 2301 ter
315 2243 653 2319 gravitatem
691 2263 991 2317 armorum,
1020 2245 1171 2322 quod
1208 2265 1389 2323 neque
1433 2244 1653 2321 insequi
1696 2263 1784 2301 ce-

204 2333 398 2392 dentes
425 2338 669 2409 possent,
698 2354 879 2411 neque
899 2334 970 2392 ab
990 2334 1163 2411 signis
1191 2335 1471 2393 discedere
1499 2334 1785 2405 auderent,

163 2443 166 2446 ’
205 2423 388 2480 minus
414 2429 575 2499 aptos
601 2443 720 2482 esse
745 2424 819 2482 ad
845 2424 1010 2500 hujus
1034 2425 1255 2501 generis
1280 2425 1532 2494 hostem;
1573 2424 1786 2502 equites

203 2520 391 2571 autem
442 2532 648 2589 magno
701 2535 828 2572 cum
875 2515 1123 2590 periculo
1165 2514 1447 2587 dimicare,
1494 2521 1786 2591 propterea

204 2604 354 2681 quod
393 2604 478 2662 illi
519 2605 689 2663 etiam
732 2605 984 2664 consulto
1031 2606 1360 2683 plerumque
1406 2605 1683 2676 cederent,
1711 2613 1785 2676 et,

204 2714 375 2771 quum
407 2695 660 2770 paullum
686 2694 757 2753 ab
797 2695 1108 2772 legionibus
1147 2702 1365 2753 nostros
1404 2694 1786 2766 removissent,

202 2804 278 2841 ex
300 2784 506 2843 essedis
532 2784 838 2857 desilirent,
860 2798 918 2844 et
938 2785 1171 2861 pedibus
1198 2785 1405 2861 dispari
1433 2784 1630 2862 proelio
1656 2804 1785 2843 con-

205 2875 516 2933 tenderent.
587 2874 874 2952 Equestris
900 2882 1090 2933 autem
1116 2876 1301 2952 proelii
1339 2876 1482 2933 ratio
1508 2882 1566 2933 et
1585 2875 1784 2933 ceden-

207 2963 354 3023 tibus
393 2971 451 3023 et
484 2964 905 3042 insequentibus
950 2965 1099 3024 idem
1146 2966 1454 3042 periculum
1493 2965 1768 3024 inferebat

894 3074 929 3115 Β
