2175 3526
1079 323 1115 380 6

307 480 684 557 palabantur..
761 481 954 553 AEdui,
997 502 1170 559 quum
1208 501 1267 539 se
1293 481 1589 542 defendere
1616 501 1728 539 non
1755 501 1882 557 pos-

304 583 446 643 sent,
474 572 689 648 legatos
714 570 789 628 ad
817 571 1089 629 Gaesarem
1129 571 1382 644 mittunt,
1423 579 1681 647 rogatum
1720 570 1885 628 auxi-

305 662 462 720 lium.
582 661 794 720 Eodem
845 668 1096 737 tempore
1159 661 1440 735 Ambarri,
1492 660 1886 747 consanguinei

311 750 641 825 AEduorum,
672 751 945 810 Caesarem
971 752 1265 810 certiorem
1291 751 1524 824 faciunt,
1552 770 1690 823 sese,
1717 750 1888 826 depo-

307 841 518 917 pulatis
557 841 723 916 agris,
764 860 876 898 non
923 841 1086 899 facile
1128 841 1199 900 ab
1238 841 1458 918 oppidis
1496 841 1613 899 vim
1647 841 1890 898 hostium

310 931 620 1008 prohibere.
703 929 850 989 Item
880 931 1231 1007 Allobroges,
1260 931 1356 1009 qui
1382 939 1539 988 trans
1556 929 1891 988 Rhodanum

308 1022 462 1080 vicos
479 1019 958 1098 possessionesque
978 1019 1277 1093 habebant,
1296 1020 1432 1097 fuga
1451 1040 1510 1078 se
1526 1020 1598 1077 ad
1619 1020 1889 1077 Oaesarem

310 1110 608 1188 recipiunt.
692 1109 878 1168 Goesar
923 1129 1034 1168 non
1080 1110 1489 1187 expectandum
1528 1109 1636 1167 sibi
1674 1109 1890 1180 statuit,

308 1199 441 1258 dum
467 1200 528 1257 in
556 1200 833 1258 Santonos
862 1199 1119 1259 Helvetii
1146 1201 1521 1278 pervenirent.

503 1366 641 1425 XX.
759 1368 951 1428 &sar
988 1369 1070 1426 ad
1106 1368 1387 1426 Helvetios
1416 1367 1693 1442 pervenit.

406 1472 644 1531 Flumen
684 1481 770 1532 est
808 1475 973 1545 Arar,
1003 1473 1153 1552 quod
1180 1493 1280 1551 per
1307 1474 1445 1531 fines
1481 1473 1796 1530 AEduorum
1834 1482 1891 1531 et

314 1561 696 1640 Sequanorum
733 1563 790 1621 in
820 1563 1156 1621 Rhodanum
1182 1562 1386 1633 influit,
1413 1561 1726 1620 incredibili
1751 1562 1889 1620 leni-

308 1659 446 1725 tate,
475 1652 558 1711 ita
585 1661 649 1709 ut
676 1652 868 1723 oculis,
895 1653 956 1709 in
995 1659 1182 1709 utram
1221 1659 1437 1728 partem
1477 1652 1631 1723 fluat,
1650 1650 1889 1729 judicari

312 1761 421 1800 non
447 1741 641 1819 possit.
721 1741 793 1801 Id
823 1740 1095 1814 Helvetii,
1124 1741 1337 1800 ratibus
1363 1761 1428 1801 ac
1449 1741 1710 1801 lintribus
1728 1740 1892 1819 junc-

311 1834 403 1904 tis,
430 1833 763 1891 transibant.
864 1831 980 1890 Ubi
1003 1833 1189 1890 Gaesar
1214 1833 1416 1891 certior
1440 1833 1623 1891 factus
1649 1839 1752 1904 est,
1779 1840 1893 1889 tres

318 1924 596 2001 copiarum
636 1931 822 1999 partes
862 1922 1161 1981 Helvetios
1199 1923 1598 1995 transduxisse,
1638 1931 1893 2000 quartam

317 2034 448 2073 vero
476 2022 693 2090 partem
731 2015 873 2073 citra
912 2015 1120 2073 flumen
1158 2033 1295 2087 esse,
1322 2015 1392 2073 de
1417 2015 1588 2073 tertia
1612 2013 1828 2088 vigilia,
1863 2031 1897 2071 e

314 2105 513 2162 castris
554 2104 856 2181 profectus,
903 2102 976 2161 ad
1021 2123 1146 2162 eam
1193 2111 1411 2180 partem
1458 2103 1734 2179 pervenit,
1773 2121 1897 2179 quae

317 2194 564 2253 nondum
591 2196 907 2253 transierat.

512 2361 685 2420 XXI.
771 2363 1050 2438 Piyurini
1087 2365 1232 2422 dant
1260 2381 1477 2437 poenas.

395 2466 507 2525 Eos
534 2465 830 2544 impeditos
856 2486 1168 2544 aggressus,
1190 2485 1450 2541 magnam
1471 2484 1662 2522 eorum
1681 2471 1896 2541 partem

274 2589 277 2592 ·
323 2556 582 2616 concidit.
680 2556 906 2634 Reliqui
933 2576 1053 2615 sese
1079 2557 1137 2613 in
1164 2556 1449 2632 proximas
1474 2555 1645 2612 silvas
1672 2555 1895 2613 abdide-

321 2656 469 2706 runt.
552 2646 613 2705 Is
637 2667 815 2724 pagus
841 2646 1232 2724 appellabatur
1252 2644 1592 2721 Tigurinus:
1633 2664 1764 2703 nam
1783 2664 1900 2702 om-

323 2738 408 2796 nis
433 2737 636 2797 civitas
668 2738 948 2822 'Helvetia
984 2738 1044 2820 in
1086 2743 1327 2815 quatuor
1364 2755 1538 2813 pagos
1578 2735 1762 2793 divisa
1796 2742 1897 2793 est.

326 2828 437 2886 Hic
463 2846 640 2905 pagus
656 2826 887 2886 Lucium
913 2826 1185 2899 Cassium,
1206 2827 1506 2898 consulem,
1528 2825 1900 2896 interfecerat,

323 2927 381 2978 et
399 2919 524 2997 ejus
549 2919 860 2977 exercitum
900 2918 1004 2977 sub
1037 2917 1242 2995 jugum
1279 2917 1525 2975 miserat.
1624 2920 1739 2989 Ita,
1780 2934 1902 2994 quae
