2175 3526
1006 334 1080 390 25

249 498 266 525 ‘
306 509 519 548 menses
545 490 742 548 castris
768 508 827 547 se
853 491 1141 560 tenuisset,
1170 487 1528 565 desperantes
1554 488 1624 546 de
1645 508 1831 565 pugna

250 588 268 615 ⁸
305 588 363 649 et
428 579 723 656 dispersos,
775 579 961 636 subito
1013 578 1292 651 adortum,
1348 578 1527 655 magis
1579 579 1831 651 consilio,

250 681 268 706 ⁴·
306 673 473 749 quam
515 671 746 743 virtute,
787 670 1006 728 vicisse.
1109 667 1218 740 Qui
1266 689 1430 727 suum
1472 669 1730 727 timorem
1776 669 1833 727 in

250 769 266 797 ‘
305 761 594 837 angustias
646 760 980 831 conferrent,
1027 758 1211 817 facere
1264 766 1608 835 arroganter,
1663 779 1836 837 quum

250 859 267 886 ‘
305 859 404 909 aut
431 850 501 909 de
540 850 719 908 officio
746 850 1099 927 imperatoris
1125 850 1438 925 desperare,
1464 856 1564 907 aut
1602 849 1654 907 ei
1693 870 1835 925 prae-

251 950 268 976 ‘
305 942 563 1013 scribere,
603 940 945 998 viderentur.
1045 937 1209 1009 Quod
1249 959 1361 996 non
1400 940 1519 998 fore
1558 924 1709 997 dicto
1735 960 1830 998 au·

251 1039 268 1068 ‘
307 1033 524 1090 dientes
562 1031 770 1090 milites
809 1031 1086 1102 dicantur,
1128 1030 1270 1087 nihil
1309 1049 1368 1088 se
1400 1049 1468 1088 ea
1492 1049 1554 1088 re
1593 1050 1837 1088 commo-

251 1130 267 1159 ‘
304 1122 442 1195 veri,
471 1130 527 1180 et
567 1121 828 1197 proxima
865 1127 1047 1190 nocte,
1076 1120 1146 1177 de
1174 1126 1376 1197 quarta
1414 1120 1629 1196 vigilia„
1656 1129 1839 1179 castra

251 1221 268 1248 ‘
305 1220 606 1284 moturum,
656 1217 720 1269 ut
773 1213 942 1287 quem
989 1210 1234 1286 primum
1280 1210 1597 1286 intelligere
1634 1217 1839 1286 posset,

251 1309 269 1340 ⁸
310 1302 502 1361 utrum
542 1301 694 1378 apud
721 1320 815 1358 eos
854 1301 1117 1372 officium,
1155 1320 1228 1357 an
1255 1300 1425 1356 timor
1462 1300 1678 1358 valeret
1778 1298 1836 1358 Si

251 1400 268 1429 ‘
306 1402 578 1471 praeterea
629 1411 794 1450 nemo
847 1397 1131 1468 sequatur,
1185 1396 1373 1448 tamen
1426 1409 1488 1448 se
1539 1409 1666 1447 cum
1723 1390 1842 1451 sola

252 1491 271 1519 ‘
308 1484 527 1542 decima.
578 1482 799 1558 legione
839 1482 1068 1551 iturum,
1111 1481 1181 1539 de
1222 1501 1335 1558 qua.
1373 1500 1486 1538 non
1538 1479 1839 1552 dubitaret,

252 1583 269 1610 ‘
308 1575 526 1652 sibique
552 1593 677 1632 eam
702 1572 1023 1649 praetoriam
1051 1572 1336 1629 cohortem
1364 1569 1662 1629 futuram.”

571 1723 575 1727 ’
606 1728 768 1788 LXI.
854 1729 935 1787 M
929 1748 1084 1804 aqna
1124 1728 1491 1787 commutatio·

330 1835 458 1893 Hac
486 1833 736 1891 oratione
762 1832 972 1905 habita,
998 1831 1205 1889 mirum
1231 1831 1290 1889 iu
1310 1831 1537 1889 modum
1564 1850 1845 1891 conversae

253 1932 384 1985 sunt
436 1924 686 1982 omnium
737 1931 971 1995 mentes,
1020 1941 1347 1999 summaque
1387 1922 1665 1998 cupiditas
1709 1921 1842 1981 belli

256 2014 482 2093 gerendi
523 2015 718 2072 innata
742 2022 860 2083 est;
901 2014 1281 2091 princepsque·
1311 2013 1528 2071 decima
1554 2013 1717 2090 legio,
1744 2032 1841 2089 per

255 2107 524 2177 tribunos,
552 2104 604 2163 ei
631 2105 842 2180 gratias
867 2104 1003 2179 egit,
1031 2103 1183 2181 qubd
1208 2104 1278 2161 de
1304 2123 1363 2161 se
1389 2104 1663 2179 optimum
1688 2102 1843 2180 judi·

255 2198 403 2265 cium
455 2196 694 2254 fecisset.
778 2193 996 2252 Deinde
1035 2194 1265 2271 reliquae
1305 2193 1553 2269 legiones
1592 2200 1844 2269 egerunt,

257 2288 340 2347 uti
382 2286 588 2346 Gaesari
627 2285 1052 2355 satisfacerent3
1093 2292 1170 2355 et,
1200 2284 1400 2342 itinere
1439 2283 1720 2360 exquisito
1746 2303 1846 2360 per

256 2369 621 2448 Divitiacum,
657 2376 805 2454 quod
846 2375 898 2433 ei
937 2374 1245 2433 maximam
1285 2375 1451 2432 fidem
1494 2373 1748 2446 habebat,
1776 2374 1846 2433 de

255 2475 457 2548 quarta
481 2467 696 2543 vigilia,
725 2474 788 2523 ut
828 2465 1067 2536 dixerat,
1096 2466 1379 2542 profectus
1410 2470 1514 2523 est.
1597 2463 1846 2540 Septimo

257 2559 366 2631 die,
393 2557 464 2616 ab
491 2555 937 2633 exploratoribus
977 2555 1182 2614 certior
1220 2555 1402 2614 factus
1438 2561 1542 2628 est,
1572 2554 1846 2613 Ariovisti

256 2648 443 2726 copias
470 2668 505 2705 a
546 2646 768 2721 nostris,
809 2645 1059 2704 millibus
1097 2664 1364 2722 passuum
1405 2653 1646 2725 quatuor
1676 2653 1732 2702 et
1760 2649 1845 2707 vi-

258 2734 428 2816 ginti‚'
448 2736 654 2797 abesse.
