2175 3526
1033 339 1110 397 35

283 498 461 556 tentia
502 501 908 573 permanerent,
945 512 1041 552 eos
1082 493 1310 552 domum
1356 493 1613 565 remittit,
1654 501 1713 552 et
1742 513 1868 551 cum

283 588 369 646 his
396 586 728 659 Commium,
755 586 914 662 cujus
940 591 999 643 et
1033 585 1305 644 virtutem
1331 591 1391 642 et
1421 583 1713 643 consilium
1739 603 1867 660 pro·

282 677 467 751 habat,
510 685 569 736 et
610 697 776 755 quem
820 675 927 734 sibi
976 676 1200 734 fidelem
1239 674 1637 749 arbitrabatur,
1675 674 1868 732 mittit.

282 768 434 828 Huic
475 768 732 844 imperat,
767 786 905 844 quas
936 766 1132 844 possit,
1179 765 1347 824 adeat
1381 765 1657 838 civitatee,
1685 765 1870 824 horte-

284 867 504 936 turque,
534 864 598 915 ut
634 857 837 934 Populi
877 857 1117 916 Romani
1150 855 1317 915 fidem
1355 866 1677 934 sequantur,
1704 874 1871 932 seque

280 949 540 1008 celeriter
572 950 640 1007 eo
681 954 979 1006 venturum
1017 947 1265 1006 nunciet.
1365 946 1699 1018 Volusenus,
1745 966 1873 1023 per-

281 1039 489 1115 spectis
554 1038 893 1114 regionibus,
959 1045 1233 1115 quantum
1295 1037 1348 1096 ei
1411 1037 1697 1097 facultatis
1750 1036 1871 1095 dari

281 1129 482 1206 potuit,
511 1130 607 1207 qui
640 1129 776 1187 navi
803 1129 995 1205 egredi
1021 1149 1135 1186 non
1171 1128 1422 1200 auderet,
1450 1127 1647 1205 quinto
1681 1127 1773 1186 die
1799 1126 1871 1185 ad

281 1221 552 1279 Oaesarem
579 1219 894 1279 revertitur.

477 1374 796 1434 LXXXII.
911 1376 1140 1433 Morini
1176 1395 1231 1433 se
1268 1384 1549 1432 excusant.

357 1479 509 1538 Dum
557 1480 615 1537 in
667 1479 756 1537 his
805 1478 945 1538 locis
987 1478 1175 1537 Gaesar
1219 1476 1452 1535 navium
1493 1475 1866 1553 parandarum

279 1590 448 1630 causa
493 1577 765 1645 moratur,
812 1590 887 1629 ex
933 1589 1141 1645 magna
1191 1576 1356 1645 parte
1407 1565 1755 1625 Morinorum
1802 1567 1869 1625 ad

280 1681 408 1720 eum
434 1661 607 1738 legati
636 1666 928 1733 venerunt,
958 1660 1054 1738 qui
1083 1680 1143 1718 se
1170 1658 1241 1719 de
1280 1657 1582 1735 superioris
1609 1658 1877 1734 temporis
1941 1676 1950 1683 ⁸

280 1753 511 1812 consilio
566 1757 920 1825 excusarent,
975 1750 1145 1830 quod,
1199 1748 1403 1810 nostrae
1455 1748 1875 1809 consuetudinis

282 1844 541 1920 imperiti,
582 1843 793 1902 bellum
846 1842 1060 1920 Populo
1098 1842 1352 1900 Romano
1391 1841 1671 1913 fecissent,
1706 1859 1876 1918 seque

281 1954 365 2007 ea,
414 1954 538 2013 quae
576 1933 924 2010 imperasset,
965 1934 1213 1992 facturos
1250 1931 1666 2009 pollicerentur.
1749 1930 1875 1989 Hoc

282 2024 388 2082 sibi
440 2026 577 2083 satis
629 2032 944 2102 opportune
999 2024 1186 2082 Caesar
1236 2022 1503 2094 accidisse
1555 2021 1872 2105 arbitratuse

283 2114 434 2192 quod
472 2135 655 2193 neque
693 2121 822 2191 post
862 2122 1082 2191 tergum
1124 2114 1342 2173 hostem
1375 2112 1689 2190 relinquere
1719 2111 1872 2171 vole-

282 2206 399 2279 bat,
445 2226 628 2284 neque
680 2205 816 2265 belli
870 2205 1122 2282 gerendi,
1175 2210 1407 2281 propter
1457 2204 1590 2261 anni
1636 2210 1875 2279 tempus,

283 2296 612 2355 facultatem
652 2295 914 2368 habebat,
948 2314 1132 2372 neque
1177 2295 1279 2352 has
1324 2292 1715 2370 occupationes
1749 2291 1876 2350 Bri-

283 2388 491 2446 tanniae
537 2387 955 2464 anteponendas
982 2384 1294 2462 judicabat,
1345 2402 1614 2459 magnum
1654 2382 1743 2441 his
1778 2381 1877 2440 ob·

285 2478 470 2535 sidum
512 2496 808 2535 numerum
854 2476 1113 2553 imperat.
1215 2473 1429 2545 Quibus
1468 2472 1741 2545 adductis,
1781 2491 1876 2530 eos

287 2569 348 2626 in
375 2568 542 2626 fidem
569 2567 796 2645 recepit.

482 2722 834 2782 LXXXIII.
919 2725 1114 2785 Oaesar
1150 2722 1339 2795 copias
1378 2720 1682 2779 distribuit.

366 2824 625 2885 Navibus
644 2826 869 2885 circiter
884 2826 1176 2901 octoginta
1199 2823 1468 2882 onerariis
1492 2823 1714 2896 coactis,
1741 2833 1875 2900 quot

289 2914 431 2973 satis
456 2933 579 2975 esse
594 2916 671 2976 ad
710 2915 850 2976 duas
890 2915 1357 2995 transportandas
1379 2914 1642 2993 :legiones
1678 2913 1874 2973 existi-
