2175 3526
1101 313 1174 367 22

345 470 780 545 popular-cutum
846 465 1083 538 Treviri,
1122 485 1297 543 pagos
1346 474 1570 523 centum
1618 464 1926 523 Suevorum

344 560 416 617 ad
432 560 581 637 ripas
609 556 791 616 Rheni
814 557 1143 629 consedisse,
1172 558 1268 635 qui
1291 556 1528 614 transire
1563 566 1921 614 conarentur.

345 650 557 720 Quibus
582 648 764 719 rebus,
794 647 994 719 Gaesar,
1037 647 1400 706 vehementer
1437 655 1762 718 commotus,
1806 667 1927 702 ma.-

347 740 641 798 turandum
668 737 774 795 sibi
800 737 1165 809 existimavit,
1193 756 1280 809 ne,
1310 737 1358 796 si
1386 755 1536 795 nova
1575 756 1771 817 manus
1800 757 1926 795 cum

344 830 624 888 veteribus
650 828 825 904 copiis
852 828 1127 886 Ariovisti
1154 832 1273 886 sese
1311 827 1708 903 conjunxisset,
1738 827 1929 884 minus

344 921 505 978 facile
532 920 713 978 resisti
739 927 944 996 posset.
1025 919 1246 997 Itaque,
1274 939 1334 977 re
1373 920 1739 978 frumentaria
1777 939 1927 976 com-

342 1020 556 1087 parata,
584 1010 802 1087 magnis
822 1010 1115 1068 itineribus
1142 1011 1214 1069 ad
1236 1010 1584 1068 Ariovistum
1615 1009 1921 1068 contendit.

798 1164 917 1225 LV.
1039 1166 1123 1224 De
1162 1167 1494 1226 Vesontimw.

420 1269 600 1338 Quum
624 1269 797 1328 tridui
819 1268 970 1327 viam
990 1268 1362 1344 processisset,
1395 1268 1719 1327 nunciatum
1750 1276 1836 1325 est
1857 1267 1926 1338 ei,

349 1360 690 1419 Ariovistum
729 1381 857 1419 cum
896 1360 1153 1418 omnibus
1198 1361 1371 1437 copiis
1423 1360 1497 1417 ad
1536 1357 1928 1436 occupandum

343 1450 760 1523 Vesontionem,
816 1451 965 1529 quod
1010 1458 1099 1509 est
1153 1451 1421 1527 oppidum
1466 1452 1779 1508 maximum
1823 1449 1925 1507 Se-

341 1562 668 1622 quanorum,
695 1542 1046 1614 contendere,
1075 1542 1358 1619 triduique
1396 1542 1549 1600 viam
1577 1563 1612 1599 a
1640 1543 1754 1599 suis
1795 1540 1924 1598 fini-

345 1629 445 1689 bus
481 1632 826 1708 processisse.
926 1631 999 1689 Id
1037 1651 1110 1691 ne
1139 1632 1442 1703 accideret,
1495 1629 1926 1708 praecavendum

343 1721 525 1781 Gaesar
551 1722 929 1782 existimabat.
1011 1720 1270 1800 Namque
1291 1722 1539 1780 omnium
1561 1741 1765 1793 rerum,
1799 1740 1922 1799 quae

344 1813 413 1870 ud
439 1814 649 1871 bellum
677 1813 799 1871 usui
840 1821 1017 1886 erant,
1043 1832 1263 1871 summa
1300 1821 1422 1871 erat
1448 1813 1508 1870 in
1545 1832 1611 1871 eo
1646 1813 1924 1881 facultas;

345 1903 509 1981 idque
535 1904 738 1961 natura
776 1903 882 1961 loci
911 1904 991 1962 sic
1030 1903 1402 1977 muniebatur,
1430 1911 1493 1961 ut
1532 1923 1812 1979 magnam,
1850 1903 1920 1960 ad

344 1993 657 2051 ducendum
710 1993 938 2064 bellum,
991 1993 1154 2052 daret
1210 1993 1572 2064 facultatem3
1629 2001 1924 2069 propterea

344 2084 493 2162 quod
521 2084 726 2142 flumen
767 2082 946 2142 Dubis
984 2103 1146 2160 paene
1186 2090 1368 2141 totum
1408 2082 1674 2160 oppidum
1713 2082 1889 2158 cingit
1906 2108 1924 2154 3

345 2174 624 2251 reliquum
663 2173 906 2249 spatium
944 2193 1105 2232 mons
1146 2173 1413 2245 continet,
1454 2174 1538 2231 ita
1592 2180 1656 2230 ut
1694 2172 1925 2242 radices,

333 2288 408 2325 ex
452 2273 681 2341 utraque
701 2270 879 2340 parte,
906 2264 1042 2340 ripae
1061 2264 1307 2322 fluminis
1327 2264 1676 2339 contingant.
1721 2289 1724 2296 ·
1758 2263 1926 2321 Hunc

345 2375 539 2413 murus
589 2374 772 2413 arcem
824 2355 1011 2428 efficit,
1066 2363 1124 2414 et
1175 2376 1303 2414 cum
1367 2356 1571 2433 oppido
1618 2356 1923 2432 conjungit.

348 2444 547 2515 Caesar,
576 2452 845 2521 occupato
884 2445 1109 2522 oppidu,
1141 2446 1219 2503 ibi
1269 2446 1586 2523 praesidium
1628 2446 1879 2503 collocat.

803 2596 960 2658 LVI.
1040 2604 1127 2659 De
1156 2602 1469 2660 Germanis.

424 2703 576 2761 Dum
602 2723 809 2779 paucos
835 2703 970 2777 dies,
998 2704 1079 2763 rei
1116 2704 1494 2763 frumentarias
1532 2677 1715 2777 causa,
1743 2724 1923 2762 mora-

349 2800 458 2866 tur,
469 2813 552 2851 ex
578 2794 1034 2870 percunctatione
1059 2800 1395 2868 nostrorum,
1431 2794 1771 2872 vocibusque
1792 2794 1924 2853 Gal-

353 2882 532 2940 l'orum
595 2904 660 2941 ac
703 2891 1089 2953 mercatorum,
1133 2885 1227 2962 qui
1277 2885 1493 2962 ingenti
1543 2883 1925 2961 magnitudine

2038 284 2153 627 ‘t
