2175 3526
1109 329 1182 387 32

351 493 684 565 quaestorem
733 485 1003 562 praefecit,
1057 482 1144 542 uti
1199 491 1369 544 testes
1422 485 1658 563 quisque
1710 483 1938 544 virtutls

352 577 598 636 haberet.
680 576 813 652 Ipse
839 596 875 634 a
909 575 1111 634 dextro
1149 595 1341 648 cornu,
1369 575 1521 654 quod
1558 596 1683 634 eam
1721 583 1939 653 partem

351 667 579 726 minime
616 668 833 724 firmam
872 666 1117 724 hostium
1156 685 1274 724 esse
1314 666 1563 724 animum
1602 666 1941 738 adverterat,

352 758 610 834 proelium
650 757 945 815 commisit.
1044 756 1140 815 Ita
1179 756 1354 814 nostri
1394 757 1598 815 acriter
1636 757 1696 814 in
1735 756 1939 827 hostes,

350 849 510 924 signo
563 847 713 919 dato,
751 847 1024 924 impetum
1063 847 1354 917 fecerunt3
1396 846 1587 925 itaque
1625 847 1811 905 hostes
1850 866 1942 906 cc-

351 938 544 997 leriter
595 944 1010 1015 procurrerunt,
1057 945 1123 995 ut
1165 937 1410 1014 spatium
1456 938 1590 1014 pila,
1639 936 1696 995 in
1737 937 1941 1009 hostes,

351 1027 683 1106 conjiciendi
725 1048 838 1086 non
893 1028 1140 1087 daretur.
1238 1027 1484 1106 Rejectis
1536 1028 1685 1104 pilis,
1738 1027 1943 1104 gladiis
1979 1076 1986 1085 .

351 1125 669 1196 pugnatum
708 1126 811 1178 est.
922 1119 1003 1177 At
1043 1119 1328 1191 Germani,
1369 1118 1626 1177 celeriter
1664 1118 1944 1196 phalange

351 1210 520 1283 facta,
573 1208 817 1285 impetus
868 1209 1186 1286 gladiorum
1242 1215 1601 1287 exceperunt.
1709 1207 1941 1285 Reperti

350 1307 484 1359 sunt
529 1300 842 1377 complures
888 1300 1066 1358 nostri
1111 1299 1337 1373 milites,
1386 1300 1482 1378 qui
1526 1299 1585 1357 in
1630 1300 1943 1376 phalangas

351 1389 647 1461 insilirent,
675 1397 734 1449 et
759 1399 920 1450 scuta
944 1390 1202 1449 manibus
1241 1391 1594 1463 revellerent,
1622 1399 1680 1449 et
1706 1390 1943 1467 desuper

353 1482 733 1540 vulnerarent.
849 1483 1035 1552 Quum
1102 1481 1346 1540 hostium
1414 1482 1580 1555 acies,
1631 1502 1668 1540 a
1717 1481 1942 1539 sinistro

351 1591 543 1644 cornu,
585 1572 645 1630 in
690 1570 883 1648 fugam
928 1591 1199 1632 conversa
1236 1580 1398 1646 esset,
1445 1592 1481 1630 a
1522 1572 1724 1631 dextro
1769 1591 1943 1631 cornu

355 1662 712 1722 vehementer
761 1662 1125 1721 multitudine
1189 1682 1416 1721 suorum
1469 1670 1714 1722 nostram
1766 1663 1940 1722 aciem

354 1751 699 1829 premebant.

861 1908 1143 1968 LXXVL
1223 1911 1412 1986 fiam.

431 2013 504 2072 Id
531 2033 706 2091 quum
745 2013 1232 2072 animadvertisset
1272 2012 1506 2072 Publius
1546 2014 1776 2073 Crassus
1803 2014 1936 2073 ado·

355 2105 584 2177 lescens‚
625 2104 721 2182 qui
749 2104 1005 2183 equitatu
1044 2111 1301 2180 praeerat,
1329 2105 1555 2163 tertiam
1594 2105 1771 2163 aciem
1810 2105 1943 2164 sub-

354 2195 496 2255 sidio
541 2195 712 2253 misit.
809 2193 906 2253 Ita
948 2194 1210 2271 proelium
1255 2195 1578 2254 restitutum
1624 2202 1729 2268 est,
1772 2202 1943 2273 atque

355 2306 546 2345 omnes
581 2287 768 2344 hostes
794 2293 956 2362 terga
994 2292 1304 2359 verterunt,
1343 2305 1524 2363 neque
1563 2284 1720 2362 prius
1746 2286 1943 2363 fugere

355 2377 708 2450 destiterunt,
736 2375 906 2454 quam
941 2375 1015 2433 ad
1039 2376 1249 2433 flumen
1289 2375 1567 2450 Rhenum,
1606 2376 1788 2435 millia
1812 2396 1942 2452 pas-

355 2487 518 2533 suum
543 2486 619 2527 ex
645 2486 712 2525 eo
739 2467 861 2524 loco
891 2465 1116 2525 circiter
1128 2463 1941 2544 quinquaginta,pervenerint.

359 2556 450 2615 Ibi
489 2556 771 2634 perpauci,
799 2562 899 2613 aut
937 2554 1153 2613 viribus
1192 2554 1385 2613 confisi
1422 2561 1773 2616 transnatare
1811 2577 1943 2617 con-

358 2648 677 2719 tenderunt,
715 2654 831 2720 aut,
860 2645 1123 2705 lintribus
1158 2644 1420 2717 inventis,
1447 2645 1552 2704 sibi
1589 2647 1828 2706 salutem
1854 2666 1944 2706 re-
1969 2645 1988 2654 ’

359 2744 639 2814 pererunt.
721 2736 794 2796 In
833 2736 922 2795 his
955 2736 1066 2795 fuit
1103 2735 1442 2809 Ariovistus,
1471 2736 1586 2813 qui,
1627 2737 1942 2797 naviculam

359 2826 664 2904 deligatam
698 2826 773 2886 ad
810 2827 992 2904 ripam
1030 2835 1247 2899 nactus,
1275 2824 1342 2884 ea
1366 2826 1659 2904 profugit;
1698 2828 1945 2907 reliquos

361 2937 552 2977 omnes
577 2918 858 2978 consecuti
885 2920 1102 2998 equites
1128 2916 1302 2977 nostri
1328 2916 1745 2978 interfecerunt.
