2175 3526
1096 340 1171 397 52

345 503 560 564 duabus
585 524 659 565 ex
684 506 937 583 partibus
962 525 1289 583 oppugnare
1314 506 1618 565 contendit.
1702 503 1926 575 Hostes,

342 594 650 672 paullisper
686 597 906 668 morati,
945 615 1065 655 sese
1103 597 1218 655 alia
1255 615 1330 656 ex
1367 605 1527 676 parte
1543 594 1741 676 oppidi
1758 595 1937 675 ejece-

338 690 490 743 runt.
632 684 872 762 Magnus
923 685 1001 744 ibi
1053 705 1317 745 numerus
1366 686 1582 764 pecoris
1633 694 1925 764 repertus3
1967 734 1976 751 ,

341 775 615 854 multique
632 772 695 834 in
713 776 851 854 fuga
866 784 999 835 sunt
1017 776 1418 853 comprehensi,
1439 784 1609 856 atque
1625 778 1928 837 interfecti.

505 936 717 1000 GXVI.
840 939 1294 1002 Cassivellaunus
1317 940 1387 997 de
1411 938 1691 997 deditione
1714 934 1851 1010 ay&-

418 1034 571 1094 Dum
597 1037 716 1095 haeo
739 1045 1028 1114 geruntur,
1058 1036 1510 1095 Cassivellaunus
1536 1037 1608 1096 ad
1638 1037 1922 1111 Cantium,

339 1125 539 1204 quibus
565 1127 884 1204 regionibus
911 1133 1151 1205 quatuor
1182 1146 1341 1203 reges
1365 1133 1660 1204 praeerant,
1689 1127 1924 1186 nuncios

339 1216 533 1290 mittit,
585 1224 756 1296 atque
793 1217 882 1276 his
933 1217 1190 1293 imperat,
1244 1218 1347 1291 uti,
1402 1217 1610 1276 coactis
1662 1218 1925 1276 omnibus

339 1305 530 1384 copiis,
582 1316 767 1368 castra
817 1308 1045 1367 navalia
1096 1308 1168 1367 de
1219 1307 1524 1384 improviso
1576 1308 1924 1382 adoriantur,

337 1404 507 1476 atque
545 1405 888 1476 oppugnent.
968 1398 1022 1457 li
1063 1418 1236 1477 quum
1276 1398 1350 1456 ad
1398 1405 1583 1459 castra
1621 1398 1924 1471 venissent,

340 1487 531 1562 nostri,
572 1489 864 1569 eruptione
901 1489 1069 1562 facta,
1110 1487 1305 1548 multis
1356 1509 1549 1548 eorum
1588 1489 1923 1562 interfectis,

338 1584 502 1657 capto
528 1579 698 1639 etiam
714 1579 887 1638 nobili
913 1578 1055 1638 duce
1074 1579 1434 1655 Lugotorige,
1459 1599 1588 1638 suos
1614 1579 1923 1639 incolumes

339 1669 698 1728 reduxerunt.
779 1668 1247 1743 Cassivellaunus,
1275 1668 1380 1729 hoo
1417 1670 1615 1746 proelio
1641 1670 1925 1744 nunciato,

341 1767 426 1819 tot
451 1759 803 1820 detrimentis
842 1760 1107 1836 acceptis,
1149 1761 1388 1819 vastatis
1429 1759 1650 1832 finibus,
1678 1759 1929 1821 maxime

339 1850 509 1910 etiam
546 1857 830 1927 permotus
868 1849 1180 1909 defectione
1218 1849 1531 1925 civitatum,
1572 1851 1789 1928 legatos
1826 1871 1928 1929 per

341 1939 669 2000 Atrebatem
722 1939 1034 2001 Commium
1085 1939 1159 2000 de
1208 1938 1494 2000 deditione
1538 1941 1611 2000 ad
1653 1940 1925 2002 Caesarem

342 2030 535 2090 mittit.

553 2184 805 2247 CXVII.
852 2204 869 2222 ·
888 2186 1082 2248 Caesar
1103 2203 1231 2242 mos
1252 2191 1538 2256 reportare
1558 2185 1819 2244 instituit.

416 2287 617 2361 Gaesar,
658 2306 830 2365 quum
880 2286 1169 2347 statuisset
1208 2287 1450 2347 hiemem
1489 2288 1550 2347 in
1588 2288 1918 2362 continenti,

341 2383 568 2455 propter
604 2376 924 2454 repentinos
975 2376 1177 2437 Galliae
1228 2383 1432 2452 motus,
1483 2398 1669 2456 agere,
1708 2379 1925 2439 obsides

341 2467 612 2545 imperat3
663 2473 740 2540 et,
794 2466 930 2546 quid
981 2467 1042 2526 in
1094 2488 1270 2528 annos
1320 2468 1572 2545 singulos
1628 2469 1922 2547 vectigalis

342 2556 556 2635 Populo
607 2549 861 2616 Romano
925 2557 1221 2616 Britannia
1270 2558 1558 2635 penderet,
1611 2559 1921 2619 constituit.

340 2646 637 2707 Obsidibus
684 2648 949 2725 acceptis,
1000 2648 1312 2707 exercitum
1369 2649 1588 2709 reducit
1640 2650 1714 2708 ad
1752 2670 1923 2721 mare,

343 2757 512 2797 naves
564 2737 781 2797 invenit
831 2738 1084 2798 refectas.
1181 2738 1292 2798 His
1343 2738 1613 2815 deductis,
1666 2740 1818 2819 quod
1866 2751 1922 2799 et

342 2827 688 2905 captivorum
739 2847 1005 2906 magnum
1056 2848 1351 2888 numerum
1401 2830 1659 2905 habebat,
1685 2838 1744 2891 et
1782 2851 1922 2891 non-

343 2919 510 2978 uullae
536 2925 869 2997 tempestate
907 2919 1261 2998 deperierant
1298 2940 1490 2994 naves,
1519 2920 1734 2981 duobus
1771 2942 1920 2981 com-

343 3009 616 3069 meatibus
640 3011 950 3069 exercitum
974 3017 1260 3088 reportare
1286 3010 1548 3070 instituit.
