<?xml version="1.0" encoding="UTF-8"?>
<!DOCTYPE html PUBLIC "-//W3C//DTD XHTML 1.0 Transitional//EN"
    "http://www.w3.org/TR/xhtml1/DTD/xhtml1-transitional.dtd">
<html xmlns="http://www.w3.org/1999/xhtml" xml:lang="en" lang="en">
 <head>
  <title>
</title>
<meta http-equiv="Content-Type" content="text/html;charset=utf-8" />
  <meta name='ocr-system' content='tesseract 3.04.00' />
  <meta name='ocr-capabilities' content='ocr_page ocr_carea ocr_par ocr_line ocrx_word'/>
</head>
<body>
  <div class='ocr_page' id='page_1' title='image "./anepitomepartcs00caesgoog_0096.png"; bbox 0 0 2175 3526; ppageno 0'>
   <div class='ocr_carea' id='block_1_1' title="bbox 1062 347 1142 405">
    <p class='ocr_par' dir='ltr' id='par_1_1' title="bbox 1062 347 1142 405">
     <span class='ocr_line' id='line_1_1' title="bbox 1062 347 1142 405; baseline -0.025 0"><span class='ocrx_word' id='word_1_1' title='bbox 1062 347 1142 405; x_wconf 84' lang='lat'><strong>38</strong></span> 
     </span>
    </p>
   </div>
   <div class='ocr_carea' id='block_1_2' title="bbox 309 497 1896 1122">
    <p class='ocr_par' dir='ltr' id='par_1_2' title="bbox 309 497 1896 1122">
     <span class='ocr_line' id='line_1_2' title="bbox 313 497 1893 579; baseline -0.004 -19"><span class='ocrx_word' id='word_1_2' title='bbox 313 502 566 579; x_wconf 79' lang='lat' dir='ltr'><strong>paullum</strong></span> <span class='ocrx_word' id='word_1_3' title='bbox 602 502 875 562; x_wconf 79' lang='lat' dir='ltr'><strong>removeri</strong></span> <span class='ocrx_word' id='word_1_4' title='bbox 921 501 993 561; x_wconf 84' lang='lat' dir='ltr'><strong>ab</strong></span> <span class='ocrx_word' id='word_1_5' title='bbox 1035 501 1303 560; x_wconf 86' lang='lat' dir='ltr'><strong>onerariis</strong></span> <span class='ocrx_word' id='word_1_6' title='bbox 1338 499 1592 572; x_wconf 83' lang='lat' dir='ltr'><strong>navibus,</strong></span> <span class='ocrx_word' id='word_1_7' title='bbox 1639 506 1696 557; x_wconf 89' lang='lat' dir='ltr'><strong>et</strong></span> <span class='ocrx_word' id='word_1_8' title='bbox 1728 497 1893 556; x_wconf 83' lang='lat' dir='ltr'><strong>remis</strong></span> 
     </span>
     <span class='ocr_line' id='line_1_3' title="bbox 309 587 1892 669; baseline -0.003 -20"><span class='ocrx_word' id='word_1_9' title='bbox 309 592 549 666; x_wconf 81' lang='lat' dir='ltr'><strong>incitari,</strong></span> <span class='ocrx_word' id='word_1_10' title='bbox 593 600 651 652; x_wconf 89' lang='lat' dir='ltr'><strong>et</strong></span> <span class='ocrx_word' id='word_1_11' title='bbox 693 594 768 651; x_wconf 80' lang='lat' dir='ltr'><strong>ad</strong></span> <span class='ocrx_word' id='word_1_12' title='bbox 818 593 994 662; x_wconf 71' lang='lat' dir='ltr'><strong>latus,</strong></span> <span class='ocrx_word' id='word_1_13' title='bbox 1018 599 1276 669; x_wconf 83' lang='lat' dir='ltr'><strong>apertum</strong></span> <span class='ocrx_word' id='word_1_14' title='bbox 1323 590 1564 649; x_wconf 91' lang='lat' dir='ltr'><strong>hostium</strong></span> <span class='ocrx_word' id='word_1_15' title='bbox 1609 587 1892 657; x_wconf 86' lang='lat' dir='ltr'><strong>constitui,</strong></span> 
     </span>
     <span class='ocr_line' id='line_1_4' title="bbox 309 682 1893 761; baseline 0.002 -20"><span class='ocrx_word' id='word_1_16' title='bbox 309 690 479 761; x_wconf 85' lang='lat' dir='ltr'><strong>atque</strong></span> <span class='ocrx_word' id='word_1_17' title='bbox 518 683 648 742; x_wconf 91' lang='lat' dir='ltr'><strong>inde</strong></span> <span class='ocrx_word' id='word_1_18' title='bbox 686 683 892 757; x_wconf 83' lang='lat' dir='ltr'><strong>fundis,</strong></span> <span class='ocrx_word' id='word_1_19' title='bbox 920 683 1161 759; x_wconf 78' lang='lat' dir='ltr'><strong>sagittis,</strong></span> <span class='ocrx_word' id='word_1_20' title='bbox 1200 682 1510 754; x_wconf 86' lang='lat' dir='ltr'><strong>tormentis,</strong></span> <span class='ocrx_word' id='word_1_21' title='bbox 1550 682 1736 742; x_wconf 88' lang='lat' dir='ltr'><strong>hostes</strong></span> <span class='ocrx_word' id='word_1_22' title='bbox 1761 685 1893 744; x_wconf 87' lang='lat' dir='ltr'><strong>sub-</strong></span> 
     </span>
     <span class='ocr_line' id='line_1_5' title="bbox 310 773 1892 852; baseline 0.003 -22"><span class='ocrx_word' id='word_1_23' title='bbox 310 775 521 832; x_wconf 86' lang='lat' dir='ltr'><strong>moveri</strong></span> <span class='ocrx_word' id='word_1_24' title='bbox 552 774 722 852; x_wconf 83' lang='lat' dir='ltr'><strong>jussit</strong></span> <span class='ocrx_word' id='word_1_25' title='bbox 737 794 757 844; x_wconf 74' lang='grc' dir='ltr'><strong><em>ς</em></strong></span> <span class='ocrx_word' id='word_1_26' title='bbox 807 794 930 852; x_wconf 84' lang='lat' dir='ltr'><strong>quae</strong></span> <span class='ocrx_word' id='word_1_27' title='bbox 977 792 1066 832; x_wconf 92' lang='lat' dir='ltr'><strong>res</strong></span> <span class='ocrx_word' id='word_1_28' title='bbox 1111 793 1315 850; x_wconf 85' lang='lat' dir='ltr'><strong>magno</strong></span> <span class='ocrx_word' id='word_1_29' title='bbox 1352 773 1474 831; x_wconf 89' lang='lat' dir='ltr'><strong>usui</strong></span> <span class='ocrx_word' id='word_1_30' title='bbox 1518 774 1722 833; x_wconf 87' lang='lat' dir='ltr'><strong>nostris</strong></span> <span class='ocrx_word' id='word_1_31' title='bbox 1766 775 1892 834; x_wconf 82' lang='lat' dir='ltr'><strong>fuit.</strong></span> 
     </span>
     <span class='ocr_line' id='line_1_6' title="bbox 310 862 1896 941; baseline 0.003 -21"><span class='ocrx_word' id='word_1_32' title='bbox 310 862 477 937; x_wconf 84' lang='lat' dir='ltr'><strong>Nam,</strong></span> <span class='ocrx_word' id='word_1_33' title='bbox 524 872 582 922; x_wconf 89' lang='lat' dir='ltr'><strong>et</strong></span> <span class='ocrx_word' id='word_1_34' title='bbox 632 865 864 922; x_wconf 80' lang='lat' dir='ltr'><strong>navium</strong></span> <span class='ocrx_word' id='word_1_35' title='bbox 915 865 1114 941; x_wconf 81' lang='lat' dir='ltr'><strong>figura,</strong></span> <span class='ocrx_word' id='word_1_36' title='bbox 1167 871 1226 922; x_wconf 87' lang='lat' dir='ltr'><strong>et</strong></span> <span class='ocrx_word' id='word_1_37' title='bbox 1276 879 1554 922; x_wconf 90' lang='lat' dir='ltr'><strong>remorum</strong></span> <span class='ocrx_word' id='word_1_38' title='bbox 1605 864 1782 938; x_wconf 68' lang='lat' dir='ltr'><strong>motu,</strong></span> <span class='ocrx_word' id='word_1_39' title='bbox 1837 874 1896 924; x_wconf 89' lang='lat' dir='ltr'><strong>et</strong></span> 
     </span>
     <span class='ocr_line' id='line_1_7' title="bbox 310 954 1892 1031; baseline 0.003 -21"><span class='ocrx_word' id='word_1_40' title='bbox 310 954 576 1012; x_wconf 89' lang='lat' dir='ltr'><strong>inusitato</strong></span> <span class='ocrx_word' id='word_1_41' title='bbox 627 974 831 1031; x_wconf 86' lang='lat' dir='ltr'><strong>genere</strong></span> <span class='ocrx_word' id='word_1_42' title='bbox 891 961 1315 1027; x_wconf 87' lang='lat' dir='ltr'><strong>tormentorum,</strong></span> <span class='ocrx_word' id='word_1_43' title='bbox 1374 955 1615 1031; x_wconf 88' lang='lat' dir='ltr'><strong>permoti</strong></span> <span class='ocrx_word' id='word_1_44' title='bbox 1672 954 1892 1014; x_wconf 86' lang='lat' dir='ltr'><strong>barbari</strong></span> 
     </span>
     <span class='ocr_line' id='line_1_8' title="bbox 310 1044 1893 1122; baseline 0.001 -20"><span class='ocrx_word' id='word_1_45' title='bbox 310 1044 697 1117; x_wconf 87' lang='lat' dir='ltr'><strong>constiterunt,</strong></span> <span class='ocrx_word' id='word_1_46' title='bbox 741 1065 808 1104; x_wconf 82' lang='lat' dir='ltr'><strong>ac</strong></span> <span class='ocrx_word' id='word_1_47' title='bbox 845 1046 1100 1122; x_wconf 85' lang='lat' dir='ltr'><strong>paullum</strong></span> <span class='ocrx_word' id='word_1_48' title='bbox 1138 1045 1303 1103; x_wconf 91' lang='lat' dir='ltr'><strong>modo</strong></span> <span class='ocrx_word' id='word_1_49' title='bbox 1328 1044 1526 1122; x_wconf 90' lang='lat' dir='ltr'><strong>pedem</strong></span> <span class='ocrx_word' id='word_1_50' title='bbox 1567 1046 1893 1104; x_wconf 87' lang='lat' dir='ltr'><strong>retulerunt.</strong></span> 
     </span>
    </p>
   </div>
   <div class='ocr_carea' id='block_1_3' title="bbox 388 1198 1707 1276">
    <p class='ocr_par' dir='ltr' id='par_1_3' title="bbox 388 1198 1707 1276">
     <span class='ocr_line' id='line_1_9' title="bbox 388 1198 1707 1276; baseline 0.002 -20"><span class='ocrx_word' id='word_1_51' title='bbox 388 1198 798 1259; x_wconf 87' lang='lat' dir='ltr'><strong>LXXXVIII.</strong></span> <span class='ocrx_word' id='word_1_52' title='bbox 875 1201 1173 1276; x_wconf 67' lang='lat' dir='ltr'><strong>Aquilvffer</strong></span> <span class='ocrx_word' id='word_1_53' title='bbox 1209 1202 1467 1260; x_wconf 76' lang='lat' dir='ltr'><strong>animum</strong></span> <span class='ocrx_word' id='word_1_54' title='bbox 1504 1202 1707 1259; x_wconf 73' lang='lat' dir='ltr'><strong>reddit.</strong></span> 
     </span>
    </p>
   </div>
   <div class='ocr_carea' id='block_1_4' title="bbox 276 1302 1897 2288">
    <p class='ocr_par' dir='ltr' id='par_1_4' title="bbox 276 1302 1897 2288">
     <span class='ocr_line' id='line_1_10' title="bbox 376 1302 1897 1380; baseline 0.003 -20"><span class='ocrx_word' id='word_1_55' title='bbox 376 1302 570 1379; x_wconf 84' lang='lat' dir='ltr'><strong>Atque</strong></span> <span class='ocrx_word' id='word_1_56' title='bbox 598 1305 801 1362; x_wconf 89' lang='lat' dir='ltr'><strong>nostris</strong></span> <span class='ocrx_word' id='word_1_57' title='bbox 827 1304 1101 1363; x_wconf 78' lang='lat' dir='ltr'><strong>militibus</strong></span> <span class='ocrx_word' id='word_1_58' title='bbox 1127 1303 1536 1378; x_wconf 78' lang='lat' dir='ltr'><strong>cunctantibus,</strong></span> <span class='ocrx_word' id='word_1_59' title='bbox 1558 1304 1654 1380; x_wconf 93' lang='lat' dir='ltr'><strong>qui</strong></span> <span class='ocrx_word' id='word_1_60' title='bbox 1670 1303 1897 1364; x_wconf 81' lang='lat' dir='ltr'><strong>decimae</strong></span> 
     </span>
     <span class='ocr_line' id='line_1_11' title="bbox 314 1392 1896 1473; baseline 0.003 -24"><span class='ocrx_word' id='word_1_61' title='bbox 314 1392 546 1469; x_wconf 80' lang='lat' dir='ltr'><strong>legionis</strong></span> <span class='ocrx_word' id='word_1_62' title='bbox 587 1395 835 1473; x_wconf 80' lang='lat' dir='ltr'><strong>aquilam</strong></span> <span class='ocrx_word' id='word_1_63' title='bbox 881 1395 1114 1470; x_wconf 83' lang='lat' dir='ltr'><strong>ferebat,</strong></span> <span class='ocrx_word' id='word_1_64' title='bbox 1154 1402 1498 1454; x_wconf 77' lang='lat' dir='ltr'><strong>contestatus</strong></span> <span class='ocrx_word' id='word_1_65' title='bbox 1540 1395 1688 1465; x_wconf 85' lang='lat' dir='ltr'><strong>deos,</strong></span> <span class='ocrx_word' id='word_1_66' title='bbox 1720 1402 1786 1453; x_wconf 90' lang='lat' dir='ltr'><strong>ut</strong></span> <span class='ocrx_word' id='word_1_67' title='bbox 1830 1415 1896 1454; x_wconf 87' lang='lat' dir='ltr'><strong>ea</strong></span> 
     </span>
     <span class='ocr_line' id='line_1_12' title="bbox 313 1484 1894 1564; baseline 0.001 -23"><span class='ocrx_word' id='word_1_68' title='bbox 313 1502 400 1541; x_wconf 89' lang='lat' dir='ltr'><strong>res</strong></span> <span class='ocrx_word' id='word_1_69' title='bbox 451 1484 660 1561; x_wconf 87' lang='lat' dir='ltr'><strong>legioni</strong></span> <span class='ocrx_word' id='word_1_70' title='bbox 704 1486 946 1545; x_wconf 83' lang='lat' dir='ltr'><strong>feliciter</strong></span> <span class='ocrx_word' id='word_1_71' title='bbox 987 1486 1257 1559; x_wconf 85' lang='lat' dir='ltr'><strong>eveniret,</strong></span> <span class='ocrx_word' id='word_1_72' title='bbox 1302 1493 1339 1520; x_wconf 91' lang='lat'><strong>“</strong></span> <span class='ocrx_word' id='word_1_73' title='bbox 1360 1485 1646 1559; x_wconf 83' lang='lat' dir='ltr'><strong>Desilite‚’&#39;</strong></span> <span class='ocrx_word' id='word_1_74' title='bbox 1693 1485 1894 1564; x_wconf 89' lang='lat' dir='ltr'><strong>inquit,</strong></span> 
     </span>
     <span class='ocr_line' id='line_1_13' title="bbox 314 1576 1893 1654; baseline 0.002 -23"><span class='ocrx_word' id='word_1_75' title='bbox 314 1580 352 1609; x_wconf 75' lang='lat'><strong>‘⁴</strong></span> <span class='ocrx_word' id='word_1_76' title='bbox 391 1576 812 1645; x_wconf 85' lang='lat' dir='ltr'><strong>commilitones,</strong></span> <span class='ocrx_word' id='word_1_77' title='bbox 840 1577 947 1635; x_wconf 91' lang='lat' dir='ltr'><strong>nisi</strong></span> <span class='ocrx_word' id='word_1_78' title='bbox 987 1577 1166 1636; x_wconf 81' lang='lat' dir='ltr'><strong>vultis</strong></span> <span class='ocrx_word' id='word_1_79' title='bbox 1191 1577 1438 1654; x_wconf 86' lang='lat' dir='ltr'><strong>aquilam</strong></span> <span class='ocrx_word' id='word_1_80' title='bbox 1473 1576 1724 1635; x_wconf 76' lang='lat' dir='ltr'><strong>hostibus</strong></span> <span class='ocrx_word' id='word_1_81' title='bbox 1764 1597 1893 1654; x_wconf 89' lang='lat' dir='ltr'><strong>pro-</strong></span> 
     </span>
     <span class='ocr_line' id='line_1_14' title="bbox 276 1663 1895 1745; baseline 0.003 -23"><span class='ocrx_word' id='word_1_82' title='bbox 276 1732 285 1743; x_wconf 45' lang='lat'><strong>,</strong></span> <span class='ocrx_word' id='word_1_83' title='bbox 317 1670 332 1699; x_wconf 89' lang='lat'>‘</span> <span class='ocrx_word' id='word_1_84' title='bbox 370 1663 540 1735; x_wconf 82' lang='lat' dir='ltr'><strong>dere3</strong></span> <span class='ocrx_word' id='word_1_85' title='bbox 581 1685 685 1742; x_wconf 87' lang='lat' dir='ltr'><strong>ego</strong></span> <span class='ocrx_word' id='word_1_86' title='bbox 710 1674 862 1726; x_wconf 89' lang='lat' dir='ltr'><strong>certe</strong></span> <span class='ocrx_word' id='word_1_87' title='bbox 887 1687 1073 1726; x_wconf 90' lang='lat' dir='ltr'><strong>meum</strong></span> <span class='ocrx_word' id='word_1_88' title='bbox 1101 1666 1420 1743; x_wconf 88' lang='lat' dir='ltr'><strong>reipublicae</strong></span> <span class='ocrx_word' id='word_1_89' title='bbox 1459 1673 1629 1744; x_wconf 85' lang='lat' dir='ltr'><strong>atque</strong></span> <span class='ocrx_word' id='word_1_90' title='bbox 1655 1668 1895 1745; x_wconf 87' lang='lat' dir='ltr'><strong>impera-</strong></span> 
     </span>
     <span class='ocr_line' id='line_1_15' title="bbox 314 1755 1897 1836; baseline 0.002 -22"><span class='ocrx_word' id='word_1_91' title='bbox 314 1771 332 1790; x_wconf 76' lang='lat'><strong>·</strong></span> <span class='ocrx_word' id='word_1_92' title='bbox 370 1755 479 1814; x_wconf 88' lang='lat' dir='ltr'><strong>tori</strong></span> <span class='ocrx_word' id='word_1_93' title='bbox 531 1756 774 1815; x_wconf 86' lang='lat' dir='ltr'><strong>officium</strong></span> <span class='ocrx_word' id='word_1_94' title='bbox 826 1757 1185 1835; x_wconf 86' lang='lat' dir='ltr'><strong>praestiter0.&#39;&#39;</strong></span> <span class='ocrx_word' id='word_1_95' title='bbox 1286 1757 1412 1817; x_wconf 85' lang='lat' dir='ltr'><strong>Hoc</strong></span> <span class='ocrx_word' id='word_1_96' title='bbox 1466 1778 1638 1835; x_wconf 91' lang='lat' dir='ltr'><strong>quum</strong></span> <span class='ocrx_word' id='word_1_97' title='bbox 1691 1779 1897 1836; x_wconf 85' lang='lat' dir='ltr'><strong>magna</strong></span> 
     </span>
     <span class='ocr_line' id='line_1_16' title="bbox 321 1847 1896 1926; baseline 0.003 -22"><span class='ocrx_word' id='word_1_98' title='bbox 321 1865 451 1905; x_wconf 81' lang='lat' dir='ltr'><strong>voce</strong></span> <span class='ocrx_word' id='word_1_99' title='bbox 477 1847 729 1922; x_wconf 83' lang='lat' dir='ltr'><strong>dixisset,</strong></span> <span class='ocrx_word' id='word_1_100' title='bbox 768 1868 843 1907; x_wconf 88' lang='lat' dir='ltr'><strong>ex</strong></span> <span class='ocrx_word' id='word_1_101' title='bbox 881 1851 1015 1907; x_wconf 85' lang='lat' dir='ltr'><strong>navi</strong></span> <span class='ocrx_word' id='word_1_102' title='bbox 1041 1869 1102 1908; x_wconf 88' lang='lat' dir='ltr'><strong>se</strong></span> <span class='ocrx_word' id='word_1_103' title='bbox 1132 1847 1384 1926; x_wconf 84' lang='lat' dir='ltr'><strong>projecit,</strong></span> <span class='ocrx_word' id='word_1_104' title='bbox 1419 1855 1589 1926; x_wconf 83' lang='lat' dir='ltr'><strong>atque</strong></span> <span class='ocrx_word' id='word_1_105' title='bbox 1616 1848 1675 1906; x_wconf 90' lang='lat' dir='ltr'><strong>in</strong></span> <span class='ocrx_word' id='word_1_106' title='bbox 1711 1850 1896 1909; x_wconf 86' lang='lat' dir='ltr'><strong>hostes</strong></span> 
     </span>
     <span class='ocr_line' id='line_1_17' title="bbox 315 1937 1897 2016; baseline 0.003 -22"><span class='ocrx_word' id='word_1_107' title='bbox 315 1938 561 2015; x_wconf 87' lang='lat' dir='ltr'><strong>aquilam</strong></span> <span class='ocrx_word' id='word_1_108' title='bbox 587 1937 732 1997; x_wconf 82' lang='lat' dir='ltr'><strong>ferre</strong></span> <span class='ocrx_word' id='word_1_109' title='bbox 757 1939 945 2016; x_wconf 86' lang='lat' dir='ltr'><strong>coepit.</strong></span> <span class='ocrx_word' id='word_1_110' title='bbox 1027 1939 1176 1998; x_wconf 86' lang='lat' dir='ltr'><strong>Tum</strong></span> <span class='ocrx_word' id='word_1_111' title='bbox 1213 1940 1407 2009; x_wconf 82' lang='lat' dir='ltr'><strong>nostri,</strong></span> <span class='ocrx_word' id='word_1_112' title='bbox 1448 1939 1722 1998; x_wconf 85' lang='lat' dir='ltr'><strong>cohortati</strong></span> <span class='ocrx_word' id='word_1_113' title='bbox 1749 1941 1897 1999; x_wconf 88' lang='lat' dir='ltr'><strong>inter</strong></span> 
     </span>
     <span class='ocr_line' id='line_1_18' title="bbox 313 2028 1894 2102; baseline 0.001 -15"><span class='ocrx_word' id='word_1_114' title='bbox 313 2048 390 2101; x_wconf 88' lang='lat' dir='ltr'><strong>se,</strong></span> <span class='ocrx_word' id='word_1_115' title='bbox 427 2048 498 2087; x_wconf 90' lang='lat' dir='ltr'><strong>ne</strong></span> <span class='ocrx_word' id='word_1_116' title='bbox 543 2035 766 2087; x_wconf 90' lang='lat' dir='ltr'><strong>tantum</strong></span> <span class='ocrx_word' id='word_1_117' title='bbox 812 2029 1051 2089; x_wconf 89' lang='lat' dir='ltr'><strong>dedecus</strong></span> <span class='ocrx_word' id='word_1_118' title='bbox 1093 2028 1498 2102; x_wconf 77' lang='lat' dir='ltr'><strong>admitteretur,</strong></span> <span class='ocrx_word' id='word_1_119' title='bbox 1535 2030 1780 2089; x_wconf 83' lang='lat' dir='ltr'><strong>universi</strong></span> <span class='ocrx_word' id='word_1_120' title='bbox 1822 2051 1894 2090; x_wconf 82' lang='lat' dir='ltr'><strong>ex</strong></span> 
     </span>
     <span class='ocr_line' id='line_1_19' title="bbox 315 2118 1896 2181; baseline 0.003 -5"><span class='ocrx_word' id='word_1_121' title='bbox 315 2119 449 2177; x_wconf 81' lang='lat' dir='ltr'><strong>navi</strong></span> <span class='ocrx_word' id='word_1_122' title='bbox 476 2118 840 2178; x_wconf 89' lang='lat' dir='ltr'><strong>desiluerunt.</strong></span> <span class='ocrx_word' id='word_1_123' title='bbox 909 2120 1034 2180; x_wconf 91' lang='lat' dir='ltr'><strong>Hos</strong></span> <span class='ocrx_word' id='word_1_124' title='bbox 1059 2122 1196 2179; x_wconf 92' lang='lat' dir='ltr'><strong>item</strong></span> <span class='ocrx_word' id='word_1_125' title='bbox 1215 2120 1314 2178; x_wconf 87' lang='lat' dir='ltr'><strong>alii</strong></span> <span class='ocrx_word' id='word_1_126' title='bbox 1339 2118 1621 2178; x_wconf 85' lang='lat' dir='ltr'><strong>subsecuti</strong></span> <span class='ocrx_word' id='word_1_127' title='bbox 1646 2121 1896 2181; x_wconf 84' lang='lat' dir='ltr'><strong>hostibus</strong></span> 
     </span>
     <span class='ocr_line' id='line_1_20' title="bbox 315 2208 850 2288; baseline 0 -20"><span class='ocrx_word' id='word_1_128' title='bbox 315 2208 850 2288; x_wconf 55' lang='lat' dir='ltr'><strong>appropinquarunt.</strong></span> 
     </span>
    </p>
   </div>
   <div class='ocr_carea' id='block_1_5' title="bbox 317 2364 1738 2444">
    <p class='ocr_par' dir='ltr' id='par_1_5' title="bbox 317 2364 1738 2444">
     <span class='ocr_line' id='line_1_21' title="bbox 317 2364 1738 2444; baseline 0.001 -19"><span class='ocrx_word' id='word_1_129' title='bbox 317 2364 660 2425; x_wconf 86' lang='lat' dir='ltr'><strong>LXXXIX.</strong></span> <span class='ocrx_word' id='word_1_130' title='bbox 803 2368 1032 2426; x_wconf 74' lang='lat' dir='ltr'><strong>Acriter</strong></span> <span class='ocrx_word' id='word_1_131' title='bbox 1056 2368 1126 2426; x_wconf 83' lang='lat' dir='ltr'><strong>ab</strong></span> <span class='ocrx_word' id='word_1_132' title='bbox 1152 2368 1403 2442; x_wconf 72' lang='lat' dir='ltr'><strong>utrisque</strong></span> <span class='ocrx_word' id='word_1_133' title='bbox 1417 2377 1738 2444; x_wconf 71' lang='lat' dir='ltr'><strong>puqnatur.</strong></span> 
     </span>
    </p>
   </div>
   <div class='ocr_carea' id='block_1_6' title="bbox 317 2469 1895 3002">
    <p class='ocr_par' dir='ltr' id='par_1_6' title="bbox 317 2469 1895 3002">
     <span class='ocr_line' id='line_1_22' title="bbox 338 2469 1895 2548; baseline 0.001 -19"><span class='ocrx_word' id='word_1_134' title='bbox 338 2501 344 2510; x_wconf 93' lang='lat'><strong>·</strong></span> <span class='ocrx_word' id='word_1_135' title='bbox 397 2470 716 2547; x_wconf 83' lang='lat' dir='ltr'><strong>Pugnatum</strong></span> <span class='ocrx_word' id='word_1_136' title='bbox 767 2478 854 2529; x_wconf 87' lang='lat' dir='ltr'><strong>est</strong></span> <span class='ocrx_word' id='word_1_137' title='bbox 914 2470 985 2530; x_wconf 88' lang='lat' dir='ltr'><strong>ab</strong></span> <span class='ocrx_word' id='word_1_138' title='bbox 1058 2471 1309 2548; x_wconf 88' lang='lat' dir='ltr'><strong>utrisque</strong></span> <span class='ocrx_word' id='word_1_139' title='bbox 1376 2470 1595 2530; x_wconf 79' lang='lat' dir='ltr'><strong>acriter.</strong></span> <span class='ocrx_word' id='word_1_140' title='bbox 1702 2469 1895 2530; x_wconf 84' lang='lat' dir='ltr'><strong>Nostri</strong></span> 
     </span>
     <span class='ocr_line' id='line_1_23' title="bbox 317 2561 1895 2639; baseline -0.001 -18"><span class='ocrx_word' id='word_1_141' title='bbox 317 2571 525 2634; x_wconf 87' lang='lat' dir='ltr'><strong>tamen,</strong></span> <span class='ocrx_word' id='word_1_142' title='bbox 553 2562 703 2639; x_wconf 77' lang='lat' dir='ltr'><strong>qubd</strong></span> <span class='ocrx_word' id='word_1_143' title='bbox 728 2581 909 2639; x_wconf 90' lang='lat' dir='ltr'><strong>neque</strong></span> <span class='ocrx_word' id='word_1_144' title='bbox 936 2561 1159 2620; x_wconf 87' lang='lat' dir='ltr'><strong>ordines</strong></span> <span class='ocrx_word' id='word_1_145' title='bbox 1189 2581 1430 2635; x_wconf 85' lang='lat' dir='ltr'><strong>servare,</strong></span> <span class='ocrx_word' id='word_1_146' title='bbox 1457 2581 1638 2639; x_wconf 90' lang='lat' dir='ltr'><strong>neque</strong></span> <span class='ocrx_word' id='word_1_147' title='bbox 1664 2562 1895 2621; x_wconf 82' lang='lat' dir='ltr'><strong>firmiter</strong></span> 
     </span>
     <span class='ocr_line' id='line_1_24' title="bbox 317 2652 1891 2730; baseline -0.003 -15"><span class='ocrx_word' id='word_1_148' title='bbox 317 2657 590 2726; x_wconf 88' lang='lat' dir='ltr'><strong>insistere,</strong></span> <span class='ocrx_word' id='word_1_149' title='bbox 627 2660 906 2730; x_wconf 85' lang='lat' dir='ltr'><strong>poterant,</strong></span> <span class='ocrx_word' id='word_1_150' title='bbox 953 2671 1160 2729; x_wconf 86' lang='lat' dir='ltr'><strong>magno</strong></span> <span class='ocrx_word' id='word_1_151' title='bbox 1199 2672 1364 2729; x_wconf 88' lang='lat' dir='ltr'><strong>opere</strong></span> <span class='ocrx_word' id='word_1_152' title='bbox 1408 2652 1891 2729; x_wconf 86' lang='lat' dir='ltr'><strong>perturbabantur.</strong></span> 
     </span>
     <span class='ocr_line' id='line_1_25' title="bbox 319 2742 1894 2816; baseline -0.002 -11"><span class='ocrx_word' id='word_1_153' title='bbox 319 2747 527 2805; x_wconf 87' lang='lat' dir='ltr'><strong>Hostes</strong></span> <span class='ocrx_word' id='word_1_154' title='bbox 572 2763 723 2816; x_wconf 76' lang='lat' dir='ltr'><strong>vero,</strong></span> <span class='ocrx_word' id='word_1_155' title='bbox 776 2743 925 2801; x_wconf 89' lang='lat' dir='ltr'><strong>notis</strong></span> <span class='ocrx_word' id='word_1_156' title='bbox 960 2742 1218 2800; x_wconf 90' lang='lat' dir='ltr'><strong>omnibus</strong></span> <span class='ocrx_word' id='word_1_157' title='bbox 1263 2742 1441 2815; x_wconf 79' lang='lat' dir='ltr'><strong>vadis,</strong></span> <span class='ocrx_word' id='word_1_158' title='bbox 1483 2742 1577 2800; x_wconf 88' lang='lat' dir='ltr'><strong>ubi</strong></span> <span class='ocrx_word' id='word_1_159' title='bbox 1616 2762 1692 2801; x_wconf 89' lang='lat' dir='ltr'><strong>ex</strong></span> <span class='ocrx_word' id='word_1_160' title='bbox 1731 2744 1894 2802; x_wconf 89' lang='lat' dir='ltr'><strong>litore</strong></span> 
     </span>
     <span class='ocr_line' id='line_1_26' title="bbox 318 2832 1892 2914; baseline -0.003 -18"><span class='ocrx_word' id='word_1_161' title='bbox 318 2837 533 2914; x_wconf 87' lang='lat' dir='ltr'><strong>aliquos</strong></span> <span class='ocrx_word' id='word_1_162' title='bbox 577 2834 886 2910; x_wconf 82' lang='lat' dir='ltr'><strong>singulares</strong></span> <span class='ocrx_word' id='word_1_163' title='bbox 930 2853 1006 2892; x_wconf 88' lang='lat' dir='ltr'><strong>ex</strong></span> <span class='ocrx_word' id='word_1_164' title='bbox 1046 2832 1182 2893; x_wconf 82' lang='lat' dir='ltr'><strong>navi</strong></span> <span class='ocrx_word' id='word_1_165' title='bbox 1226 2833 1572 2909; x_wconf 86' lang='lat' dir='ltr'><strong>egredientes</strong></span> <span class='ocrx_word' id='word_1_166' title='bbox 1622 2852 1892 2910; x_wconf 87' lang='lat' dir='ltr'><strong>conspex-</strong></span> 
     </span>
     <span class='ocr_line' id='line_1_27' title="bbox 318 2922 1892 3002; baseline -0.003 -15"><span class='ocrx_word' id='word_1_167' title='bbox 318 2933 497 2999; x_wconf 85' lang='lat' dir='ltr'><strong>erant,</strong></span> <span class='ocrx_word' id='word_1_168' title='bbox 550 2924 796 2983; x_wconf 89' lang='lat' dir='ltr'><strong>incitatis</strong></span> <span class='ocrx_word' id='word_1_169' title='bbox 847 2923 1024 3002; x_wconf 82' lang='lat' dir='ltr'><strong>equis,</strong></span> <span class='ocrx_word' id='word_1_170' title='bbox 1097 2923 1394 3000; x_wconf 87' lang='lat' dir='ltr'><strong>impeditos</strong></span> <span class='ocrx_word' id='word_1_171' title='bbox 1461 2922 1892 2996; x_wconf 79' lang='lat' dir='ltr'><strong>adoriebantur3</strong></span> 
     </span>
    </p>
   </div>
  </div>
 </body>
</html>
