2175 3526
988 314 1058 372 17

547 456 771 516 XLIV.
844 455 1062 515 Secreto
1102 453 1314 528 aqitur.

285 561 595 632 Petierunt,
634 558 718 616 uti
765 557 871 615 sibi
917 555 1216 614 concilium
1255 555 1429 614 totius
1476 554 1695 628 Galliae,
1737 554 1793 612 in

207 650 360 709 diem
388 657 618 719 certam,
645 647 890 706 indicere
931 647 1164 715 liceret3
1218 666 1337 704 sese
1382 645 1585 704 habere
1632 664 1797 723 quas-

209 742 341 799 dam
370 761 479 814 res,
508 760 646 817 quas
672 760 747 798 ex
785 736 1066 796 communi
1105 756 1373 796 consensu
1412 737 1483 795 ab
1508 756 1574 795 eo
1607 743 1797 812 petere

209 832 441 890 vellent.
552 830 638 888 Ea
678 849 738 887 re
783 827 1069 905 permissa,
1118 827 1497 904 jurejurando,
1545 847 1618 886 ne
1670 827 1797 905 quis

204 921 552 993 enunciaret,
591 920 741 978 inter
765 939 824 977 se
863 924 1189 976 sanxerunt.
1301 917 1384 975 Eo
1424 917 1658 976 concilio
1701 916 1792 974 di·

205 1011 395 1084 misso,
439 1010 607 1068 iidem
647 1009 943 1086 principes,
985 1007 1080 1084 qui
1121 1009 1252 1065 ante
1291 1007 1521 1067 fuerant
1559 1007 1632 1065 ad
1672 1007 1796 1064 Gae-

204 1120 406 1174 sarem,
435 1105 803 1171 reverterunt,
842 1097 1250 1174 petieruntque,
1284 1098 1366 1155 uti
1405 1097 1512 1154 sibi
1550 1103 1790 1168 secreto,
1887 1175 1890 1178 y

205 1190 275 1249 de
302 1192 557 1250 omnium
595 1192 795 1262 salute,
835 1208 963 1246 cum
1005 1206 1071 1245 eo
1110 1207 1274 1262 agere
1313 1188 1525 1247 liceret.
1614 1186 1700 1245 Ea
1734 1206 1796 1245 re

204 1281 534 1358 impetrata,
591 1300 710 1339 sese
752 1298 942 1338 omnes
998 1278 1194 1336 flentes
1248 1277 1453 1336 Caesari
1494 1277 1567 1335 ad
1619 1277 1795 1353 pedes

203 1373 601 1449 projecerunt3
664 1377 702 1405 “
719 1369 850 1426 Non
882 1368 1068 1426 minus
1107 1387 1166 1425 se
1205 1367 1555 1439 contendere,
1598 1387 1668 1426 ne
1709 1386 1791 1438 ea,

207 1466 224 1494 ‘
262 1480 394 1539 quae
431 1460 722 1532 dixissent,
767 1457 1213 1528 enunciarentur,
1242 1476 1408 1533 quam
1442 1456 1525 1514 uti
1551 1476 1635 1529 ea,
1671 1477 1794 1535 quae

207 1556 224 1582 ⁶
260 1551 497 1622 vellent,
537 1549 939 1625 impetrarent3
989 1554 1287 1624 propterea
1325 1546 1494 1624 quod,
1522 1547 1569 1604 si
1616 1566 1789 1605 enun-

211 1649 229 1675 ⁸
261 1641 477 1700 ciatum
502 1646 665 1712 esset,
692 1649 970 1697 summum
997 1638 1055 1694 in
1089 1637 1400 1696 cruciatum
1434 1656 1495 1696 so
1530 1643 1791 1696 venturos

213 1736 230 1765 ‘
269 1729 582 1791 viderent.¹’

547 1883 728 1944 XLV.
834 1884 1153 1942 Divitiacus
1189 1884 1455 1959 loquitur.

288 1990 534 2047 Locutus
559 1996 644 2047 est
670 2009 771 2065 pro
798 1989 885 2045 his
924 1987 1277 2059 Divitiacus3
1320 1995 1357 2023 ‘⁶
1377 1988 1577 2047 Galliae
1615 1987 1789 2046 totius

210 2087 227 2111 ‘
268 2080 539 2137 factiones
566 2099 683 2137 esse
705 2079 842 2137 duas
863 2100 880 2148 3
922 2079 1121 2136 harum
1152 2079 1383 2137 alterius
1416 2078 1787 2156 principatum

213 2175 231 2206 ‘
268 2175 458 2226 tenere
486 2167 719 2241 AEduos,
749 2167 981 2230 alterius
1017 2168 1317 2227 Arvernos.
1398 2168 1479 2226 Hi
1514 2188 1686 2246 quum
1719 2168 1790 2227 de

172 2305 175 2308 .
212 2263 229 2291 ‘
272 2264 571 2334 potentatu
612 2258 758 2316 inter
794 2278 854 2316 se
890 2259 1098 2315 multos
1152 2277 1326 2316 annos
1371 2259 1787 2332 contenderent,

212 2353 229 2381 ‘
266 2348 481 2406 factum
520 2368 658 2421 esse,
704 2349 789 2406 uti
815 2348 886 2407 ab
923 2348 1197 2410 Arvernis
1225 2348 1605 2427 Sequanisque
1646 2348 1788 2407 Ger-

213 2436 229 2464 ‘
267 2439 420 2496 mani
474 2440 727 2498 mercede
787 2446 1211 2498 arcesserentur.
1325 2439 1546 2499 Horum
1605 2440 1785 2516 primo

212 2534 229 2563 ‘
268 2529 491 2588 circiter
559 2530 739 2588 millia
783 2531 1101 2609 quindecim
1154 2529 1415 2588 Rhenum
1486 2531 1780 2601 transisse,
1766 2554 1780 2568 ·

215 2625 628 2697 ‘posteaquam
669 2640 849 2697 agros,
888 2621 1122 2694 cultum,
1161 2627 1219 2679 et
1256 2622 1443 2697 copias
1496 2620 1781 2679 Gallorum

213 2715 229 2743 ‘
266 2710 519 2769 homines
566 2711 787 2770 barbari
838 2712 1207 2787 adamassent,
1263 2711 1615 2771 transductos
1656 2731 1778 2771 esse

213 2801 477 2877 ‘.plures

1394 3007 1429 3046 0
