2175 3526
1031 346 1108 405 29

279 505 532 581 putabat,
562 509 644 575 ut,
683 502 861 579 pulsis
900 502 1172 574 hostibus,
1214 501 1326 561 dici
1368 509 1572 578 posset,
1611 501 1683 562 ab
1723 503 1866 562 sein

275 594 553 672 colloquio
600 595 1023 653 circumventos.
1133 591 1505 671 Posteaquam
1549 593 1609 652 in
1663 593 1869 670 vulgus

278 685 517 743 militum
570 685 780 744 elatum
833 691 936 757 est,
990 704 1104 762 qua
1166 683 1488 760 arrogantia
1545 684 1868 743 Ariovistus

280 795 426 849 usust,
457 775 644 834 Gallia
671 775 938 833 Romanis
964 774 1368 848 interdixisset,
1385 774 1786 853 impetumque,
1807 775 1867 832 in

278 873 508 936 nostros,
537 866 656 943 ejus
682 865 898 944 equites
925 865 1186 924 fecissent
1207 886 1226 935 ς
1266 865 1447 924 multo
1473 865 1651 943 major
1666 864 1868 925 alacri-

277 965 382 1028 tas,
417 956 776 1034 studiumque
827 956 1117 1032 pugnandi
1157 955 1411 1014 exercitu
1458 955 1724 1033 injectum
1764 968 1867 1015 est.

749 1110 970 1169 LXIX.
1051 1112 1397 1186 Leyationes.

356 1215 538 1273 Biduo
589 1222 735 1292 post,
802 1214 1123 1272 Ariovistus
1175 1214 1248 1272 ad
1314 1213 1590 1273 Caesarem
1654 1214 1871 1291 legatos

279 1307 473 1380 mittit,
501 1307 648 1366 velle
675 1325 735 1364 se
773 1325 940 1381 agere
967 1325 1095 1363 cum
1122 1325 1189 1363 eo
1211 1326 1229 1374 ;
1284 1304 1370 1362 uti
1396 1312 1495 1363 aut
1523 1304 1723 1363 iterum
1753 1305 1869 1363 col-

282 1397 469 1477 loquio
488 1399 637 1456 diem
657 1396 1022 1456 constitueret
1043 1417 1061 1466 ;
1097 1402 1197 1453 aut
1213 1415 1288 1453 ex
1309 1394 1508 1470 legatis
1527 1395 1771 1472 aliquem
1799 1395 1869 1453 ad

256 1508 337 1549 ,se
376 1488 641 1547 mitteret.
729 1486 1101 1562 Colloquendi
1143 1485 1349 1544 Gaesari
1389 1504 1559 1544 causa
1597 1485 1721 1544 visa
1759 1504 1868 1544 non

277 1587 380 1641 est.
462 1579 736 1655 Legatum
763 1597 837 1636 ex
872 1577 988 1634 suis
1026 1595 1164 1648 sese,
1190 1596 1395 1653 magno
1436 1596 1564 1635 cum
1604 1576 1871 1653 periculo,

277 1671 352 1731 ad
376 1690 504 1730 eum
534 1669 851 1741 missurum,
880 1674 938 1727 et
977 1667 1295 1725 hominibus
1333 1666 1467 1725 feris
1507 1666 1870 1744 objecturum,

278 1760 656 1822 existimabat.
741 1759 1263 1818 Commodissimum
1302 1757 1488 1817 visum
1527 1766 1631 1832 est,
1674 1757 1869 1817 Caium

287 1850 570 1911 Valerium
637 1849 957 1923 Procillum,
1010 1856 1241 1927 propter
1293 1850 1478 1922 fidem,
1531 1856 1591 1909 et
1641 1857 1873 1928 propter

282 1942 484 2020 linguae
514 1942 743 2001 Gallioae
779 1941 1089 2013 scientiam,
1117 1961 1229 2019 qua.
1253 1940 1435 1999 multa
1466 1939 1586 2019 jam
1613 1940 1871 1999 Ariovis-

285 2043 374 2092 tus
401 2033 681 2105 utebatur,
709 2033 783 2090 ad
802 2053 929 2090 eum
957 2034 1200 2102 mittere,
1222 2039 1279 2089 et
1304 2030 1559 2090 Marcum
1589 2030 1871 2102 Mettium,

279 2124 376 2203 qui
416 2124 658 2201 hospitio
698 2122 974 2181 Ariovisti
1013 2141 1148 2181 usus
1186 2129 1326 2180 erat.
1408 2119 1560 2192 Quos
1600 2141 1773 2199 quum
1813 2121 1871 2180 in

279 2215 477 2274 castris
517 2214 922 2291 conspexisset,
961 2212 1373 2280 conclamavit3
1443 2218 1481 2247 ‘⁴
1502 2210 1652 2282 Quid
1703 2211 1778 2270 ad
1812 2232 1874 2271 se

280 2304 584 2365 venirent?
665 2305 761 2363 An
791 2302 1118 2382 speculandi
1158 2301 1325 2362 causa
1345 2301 1408 2361 ?”
1474 2309 1533 2361 et
1559 2301 1619 2361 in
1647 2309 1872 2361 catenas

280 2397 534 2475 conjecit.

612 2550 797 2610 LXX.
880 2550 1160 2609 Proelium
1198 2558 1556 2624 exspectatur.

357 2656 568 2716 Eodem
596 2655 688 2715 die
714 2662 900 2714 castra
924 2652 1226 2732 promovit,
1248 2661 1305 2712 et
1332 2652 1581 2711 millibus
1607 2670 1869 2729 passuum

276 2769 380 2809 sex
406 2769 443 2807 a
468 2747 702 2807 Gaesaris
728 2746 927 2805 castris
954 2744 1059 2803 sub
1085 2751 1277 2803 monte
1303 2743 1571 2802 consedit.
1655 2741 1869 2802 Postri-

277 2840 370 2899 die
387 2846 594 2917 praeter
618 2845 802 2897 castra
829 2836 1061 2894 Caesaris
1080 2854 1209 2894 suas
1235 2833 1424 2911 copias
1449 2832 1790 2907 transduxit,
1810 2841 1870 2893 et

280 2930 525 2990 millibus
549 2948 815 3008 passuum
841 2926 1055 2985 duobus
1074 2926 1226 2984 ultra
1244 2944 1374 2984 eum
1392 2930 1577 2984 castra
1601 2924 1736 2984 fecit
1743 2945 1762 2994 ς
1802 2943 1870 2983 eo
