2175 3526
1112 304 1183 359 14

371 453 596 513 remotis
629 456 807 533 equis,
847 463 911 513 ut
946 474 1105 532 spem
1146 456 1295 532 fugae
1330 458 1573 528 tolleret,
1619 456 1950 516 cohortatus

367 563 515 618 suos,
552 546 812 621 proelium
853 546 1149 605 commisit.
1234 546 1464 618 Milites,
1504 567 1536 606 e
1569 548 1691 605 loco
1731 547 1949 624 superi-

369 655 464 693 ore
491 635 625 711 pilis
653 636 853 707 missis,
882 635 1046 694 facile
1079 636 1324 695 hostium
1364 638 1698 714 phalangem
1733 638 1949 715 perfre-

375 732 603 801 gerunt.
685 725 771 784 Ea
797 726 1046 803 disjecta,
1072 727 1276 802 gladiis
1325 725 1608 802 districtis,
1636 728 1696 786 in
1726 747 1819 786 eos
1846 729 1947 785 im-

368 822 561 890 petum
587 815 858 874 fecerunt.

550 982 913 1065 XXXVIH.
991 985 1241 1043 Helvetii
1267 986 1467 1060 pedem
1492 985 1757 1059 referunt.

446 1084 626 1144 Gallis
652 1105 856 1162 magno
883 1093 1005 1145 erat
1040 1087 1459 1162 impedimento,
1488 1086 1656 1164 quod,
1684 1086 1943 1163 pluribus

366 1194 558 1233 eorum
590 1176 780 1249 scutis,
805 1196 918 1234 uno
956 1176 1070 1235 ictu
1115 1176 1376 1253 pilorum,
1414 1177 1701 1234 transfixis
1739 1183 1797 1235 et
1830 1178 1947 1235 col-

369 1265 575 1341 ligatis,
605 1285 778 1344 quum
805 1266 1014 1325 ferrum
1041 1287 1101 1325 se
1122 1267 1447 1338 inflexisset,
1477 1286 1658 1344 neque
1685 1268 1946 1336 evellere,

368 1375 568 1433 neque,
597 1356 822 1414 sinistra
858 1356 1145 1434 impedita,
1182 1357 1319 1415 satis
1359 1357 1646 1431 commode
1688 1376 1946 1433 pugnare

373 1453 651 1523 poterant.
734 1445 1003 1521 Tandem,
1030 1446 1360 1505 vulneribus
1396 1446 1617 1520 defessi,
1656 1455 1715 1506 et
1748 1447 1944 1523 pedem

368 1536 592 1609 referre,
614 1542 694 1609 et,
723 1537 873 1611 quod
911 1556 1070 1595 mons
1108 1536 1333 1595 suberat
1369 1536 1595 1597 circiter
1618 1538 1778 1596 mille
1816 1556 1945 1614 pas-

365 1645 547 1699 suum,
567 1627 633 1685 εἰ)
661 1646 721 1684 se
748 1627 994 1703 recipere
1021 1633 1328 1702 coeperunt.
1431 1627 1611 1705 Capto
1650 1634 1861 1698 monte,
1889 1638 1942 1686 ot

365 1715 788 1775 succedentibus
814 1716 1038 1791 nostris,
1067 1716 1194 1775 Boii
1230 1723 1289 1775 et
1327 1715 1579 1793 Tulingi,
1619 1717 1716 1795 qui
1742 1736 1941 1795 agmen

368 1805 608 1865 bostium
648 1806 1001 1878 claudebant,
1038 1826 1115 1866 ex
1161 1806 1362 1866 itinere
1409 1815 1629 1865 nostros
1675 1808 1944 1883 aggressi,

365 1897 819 1967 circumvenere;
874 1904 933 1955 et
975 1897 1035 1955 id
1075 1897 1383 1973 conspicati
1426 1896 1701 1970 Helvetii,
1744 1897 1842 1974 qui
1887 1897 1945 1954 in

366 1994 612 2046 montem
639 2007 698 2045 se
733 1994 1078 2064 receperant,
1119 2006 1310 2045 rursus
1351 1988 1563 2045 instare
1590 1995 1647 2045 et
1663 2037 1668 2042 .
1684 1986 1943 2063 proelium

367 2078 747 2154 redintegrare
773 2084 1078 2154 coeperunt.

547 2244 841 2304 XXXIX.
993 2246 1274 2304 Proelium
1313 2245 1748 2320 redvhzteyratur.

446 2346 685 2406 Romani
739 2366 1010 2406 conversa
1059 2346 1224 2424 signa
1273 2346 1543 2423 bipartito
1591 2347 1943 2416 intulerunt;

370 2439 553 2514 prima
580 2444 639 2495 et
673 2437 923 2496 secunda
961 2437 1127 2510 acies,
1156 2444 1221 2494 ut
1256 2436 1424 2496 victis
1456 2457 1524 2496 ac
1560 2437 1832 2495 submotis
1858 2456 1944 2495 re-

367 2529 628 2598 sisteret3
674 2527 862 2600 tertia,
930 2535 994 2586 ut
1062 2527 1351 2586 venientes
1413 2527 1716 2604 exciperet.
1834 2527 1943 2598 Ita,

364 2618 598 2695 ancipiti
638 2618 854 2694 proelio,
894 2617 990 2675 diu
1032 2624 1203 2700 atque
1237 2618 1444 2676 acriter
1483 2625 1798 2695 pugnatum
1833 2622 1941 2675 est.

368 2708 597 2767 Diutius
645 2727 818 2786 quum
857 2715 1173 2766 nostrorum
1222 2708 1466 2783 impetus
1507 2708 1783 2781 sustinens
1835 2726 1942 2764 non

369 2806 610 2875 possent,
637 2798 802 2857 alteri
838 2817 916 2869 se,
960 2804 1025 2856 ut
1062 2804 1365 2874 coeperant,
1398 2797 1460 2854 in
1498 2805 1748 2856 montem
1787 2816 1942 2856 rece·

369 2896 571 2966 petunt
586 2910 606 2960 3
652 2888 818 2948 alteri
853 2888 926 2947 ad
965 2888 1369 2967 impedimenta
1405 2894 1467 2946 et
1503 2907 1689 2946 carros
1728 2906 1857 2945 suos
1884 2906 1944 2945 so
