2175 3526
1142 349 1220 408 46

390 503 581 562 multae
625 523 823 580 operae,
850 502 1354 562 commodissimum
1379 522 1498 562 esse
1540 503 1756 577 statuit,
1783 522 1974 562 omnes

384 613 561 653 naves
599 593 850 667 subduci,
878 600 936 653 et
963 614 1093 652 cum
1130 594 1325 652 castris
1364 614 1479 652 una
1502 593 1814 653 munitione
1839 613 1972 652 con-

382 684 562 761 ¹fungi.
644 685 717 743 In
744 684 830 745 his
857 685 1021 744 rebus
1059 684 1281 743 circiter
1312 683 1431 743 dies
1457 683 1649 742 decem
1676 684 1973 753 consumit,

387 793 458 831 ne
483 776 769 833 nocturnis
796 774 1020 853 quidem
1057 773 1399 850 temporibus
1424 774 1499 831 ad
1524 774 1772 833 laborem
1799 775 1971 833 inter-

387 882 585 921 missls.

509 1017 666 1077 CIV.
747 1020 888 1078 Dua·
926 1020 1345 1079 Britannorum
1386 1019 1852 1079 Cassivellaunus.

465 1120 703 1179 Easdem
729 1124 934 1200 copias,
964 1142 1102 1200 quas
1140 1116 1292 1195 ante}
1317 1121 1574 1197 praesidio
1609 1122 1846 1180 navibus
1867 1143 1971 1181 -re-

387 1211 592 1288 liquit3
646 1212 766 1289 ipse
805 1213 1017 1285 eodem,
1072 1211 1221 1271 unde
1272 1211 1532 1284 redierat,
1583 1212 1967 1288 proficiscItur.

388 1301 471 1359 Eo
511 1321 683 1378 quum
722 1304 983 1377 venisset,
1022 1303 1258 1380 majores
1288 1302 1409 1378 jam
1448 1302 1694 1380 undique
1745 1302 1803 1360 in
1844 1321 1969 1360 eum

388 1391 569 1450 locum
616 1393 791 1470 copiae
838 1392 1238 1451 Britannorum
1290 1399 1702 1463 convenerant3
1756 1412 1971 1449 summa

385 1481 605 1559 imperii
644 1483 891 1561 bellique
926 1482 1370 1543 administrandi,
1400 1483 1679 1540 communi
1720 1483 1970 1553 consilio,

385 1572 653 1648 permissa
699 1573 1139 1640 Cassivellauno,
1194 1573 1350 1650 cujus
1402 1574 1540 1632 fines
1591 1594 1627 1632 a
1676 1573 1971 1631 maritimis

384 1662 708 1721 civitatibus
727 1663 934 1721 flumen
955 1663 1176 1736 dividit,
1197 1664 1346 1741 quod
1365 1664 1683 1740 appellatur
1703 1663 1969 1732 Tamesis,

383 1773 417 1809 a
456 1753 596 1811 mari
638 1752 861 1812 circiter
903 1751 1083 1812 millia
1128 1774 1394 1830 passuum
1438 1753 1737 1831 octogiuta.
1819 1753 1970 1814 Huic

384 1844 666 1918 superiore
711 1849 962 1920 tempore
998 1864 1127 1902 cum
1163 1844 1391 1921 reliquis
1426 1844 1750 1902 civitatibus
1790 1845 1966 1904 conti·

386 1933 577 1990 nentia
610 1933 759 1991 bella
804 1933 1247 1992 intercesserant.
1332 1933 1460 2007 Sed,
1496 1941 1686 1992 nostro
1723 1935 1968 1994 adventu

384 2022 639 2097 permoti,
666 2022 925 2081 Britanni
951 2023 1101 2082 hunc
1138 2024 1243 2081 toti
1269 2023 1417 2082 bello
1456 2024 1800 2102 imperioque
1827 2046 1967 2102 prae-

386 2112 649 2171 fecerant.

502 2266 621 2325 GV.
700 2269 1031 2326 Britannice
1067 2270 1282 2327 incoloe.

462 2369 769 2428 Britanniae
821 2391 950 2447 pars
996 2371 1229 2429 interior
1278 2371 1350 2430 ab
1385 2372 1455 2431 iis
1500 2372 1779 2446 incolitur,
1828 2392 1965 2451 qnos

386 2467 547 2517 natos
590 2460 649 2517 in
702 2460 888 2519 insula
930 2460 1070 2537 ipsa,
1117 2462 1384 2520 memoria
1423 2462 1708 2539 proditum
1753 2464 1961 2522 dicunt.

388 2548 677 2608 Maritima
700 2569 830 2627 pars
855 2550 927 2608 ab
958 2551 1044 2623 iis,
1072 2552 1188 2628 qui,
1209 2552 1412 2627 praedae
1439 2572 1505 2612 ac
1530 2553 1665 2611 belli
1691 2554 1961 2613 inferendi

385 2659 570 2711 causa„
617 2659 692 2698 ex
727 2640 918 2715 Belgis
957 2641 1313 2714 transierant,
1361 2642 1457 2720 qui
1500 2663 1691 2703 omnes
1734 2645 1851 2703 fere
1896 2645 1964 2702 iis

386 2729 705 2788 nominibus
743 2730 1037 2788 civitatum
1075 2732 1449 2808 appellantur,
1492 2733 1693 2811 quibus
1737 2735 1846 2793 orti
1890 2754 1965 2794 ex

386 2819 712 2878 civitatibus
736 2821 804 2878 eo
839 2828 1235 2896 pervenerunt,
1262 2830 1338 2896 et,
1377 2821 1525 2882 bello
1560 2824 1738 2898 illato,
1771 2824 1848 2883 ibi
1875 2845 1963 2883 re-

388 2916 725 2981 manserunt,
752 2916 922 2988 atque
959 2931 1124 2987 agros
1157 2913 1339 2972 colere
1377 2921 1684 2992 coeperunt.
1764 2915 1960 2975 Homi-
