2175 3526
1116 372 1152 425 4

701 505 883 565 XIII.
967 508 1265 582 Oryetmix
1300 510 1558 567 moritur.

420 607 604 678 Quum
639 612 856 684 civitas,
899 612 970 669 ob
1009 632 1135 670 eam
1170 633 1288 671 rem
1330 614 1580 686 incitata„
1624 614 1793 672 armis
1830 614 1929 691 jus

342 719 502 757 suum
549 701 780 778 exsequi
826 709 1139 775 conaretur,
1185 702 1486 779 Orgetorix
1530 709 1782 760 mortuus
1821 709 1926 762 est.

346 789 473 847 Post
524 790 643 866 ejus
681 797 918 849 mortem
962 792 1326 850 nihilominus
1364 791 1616 850 Helvetii
1658 791 1735 864 id,
1778 793 1928 869 quod

343 880 766 953 constituerant,
819 881 1001 940 faeere
1054 888 1346 939 conantur.
1427 880 1542 939 Ubi
1592 900 1651 939 se
1703 890 1929 957 paratos
1989 943 1995 947 ,

342 989 459 1028 esse
484 969 740 1027 arbitrati
780 978 927 1042 sunt,
970 970 1178 1047 oppida
1215 989 1317 1028 sua
1355 971 1560 1043 omnia,
1601 971 1772 1040 vicos,
1810 972 1928 1047 pri-

346 1069 478 1144 γαΐα
503 1060 756 1135 aedificia,
783 1062 1108 1120 incendunt.

689 1229 858 1289 XIV.
940 1233 1169 1292 Itinera
1207 1233 1336 1290 duo.

420 1332 612 1390 Trium
643 1334 919 1392 mensium
958 1335 1158 1391 molita
1195 1320 1405 1392 ciba'ria
1445 1350 1723 1412 quemque
1743 1333 1927 1395 ,domo

345 1423 542 1481 efferre
561 1422 781 1497 jubent.
884 1423 1061 1481 Erant
1089 1424 1314 1481 omnino
1342 1423 1545 1482 itinera
1570 1424 1698 1501 duo,
1728 1423 1929 1502 quibus

342 1512 636 1571 itineribus
662 1513 826 1570 domo
844 1514 1000 1571 exire
1019 1520 1247 1590 possent
1258 1536 1276 1584 3
1305 1534 1479 1571 unum
1495 1534 1601 1591 per
1622 1513 1927 1591 Sequanos,

341 1609 639 1677 angustum
667 1610 724 1662 et
751 1603 995 1675 difficile,
1036 1604 1187 1661 inter
1223 1612 1469 1661 montem
1509 1603 1550 1661 J
1553 1624 1712 1661 uram
1737 1611 1796 1662 et
1821 1605 1927 1662 flu-

343 1710 471 1750 men
498 1692 833 1752 Rhodanum
855 1715 873 1763 ς
913 1694 1156 1751 alterum
1176 1714 1278 1772 per
1296 1694 1644 1771 provinciam
1660 1701 1925 1768 nostram,

341 1784 518 1841 multo
565 1783 787 1841 facilius
837 1791 1008 1862 atque
1059 1784 1397 1861 expeditius,
1444 1792 1740 1862 propterea
1779 1785 1925 1864 quod

343 1872 652 1932 Rhodanus
679 1874 964 1932 nonnullis
991 1875 1128 1933 locis
1154 1874 1301 1933 vado
1328 1876 1615 1935 transitur.

700 2042 833 2100 XV.
956 2044 1150 2105 G'oesar
1178 2046 1575 2120 prcfficiwitum

340 2209 343 2210 ⁷
420 2145 753 2203 Extremum
799 2145 1067 2222 oppidum
1125 2146 1494 2224 Allobrogum
1545 2154 1632 2206 est
1675 2146 1923 2207 Geneva.

345 2235 434 2293 Ex
459 2255 525 2294 eo
553 2234 758 2312 oppido
784 2255 925 2312 pons
950 2235 1023 2295 ad
1053 2236 1352 2296 Helvetios
1376 2237 1638 2313 pertinet.
1731 2237 1927 2296 Omni-

342 2325 445 2383 bus
472 2325 638 2384 rebus
664 2324 738 2384 ad
756 2326 1159 2402 profectionem
1175 2326 1528 2404 comparatis,
1545 2328 1694 2386 diem
1712 2327 1925 2398 dicunt,

342 2435 455 2493 qua
506 2415 599 2474 die
651 2414 725 2473 ad
776 2415 958 2491 ripam
1012 2416 1273 2474 Rhodani
1327 2436 1517 2475 omnes
1569 2417 1922 2475 conveniant.

344 2505 549 2564 Caesari
578 2525 751 2582 quum
777 2504 836 2562 id
863 2506 1191 2564 nunciatum
1217 2512 1379 2576 esset,
1406 2513 1653 2564 maturat
1692 2506 1762 2564 ab
1790 2507 1926 2564 urbe

344 2598 635 2675 proficisci,
654 2605 712 2656 et
728 2598 787 2655 in
810 2596 1053 2656 Galliam
1074 2598 1397 2656 ulteriorem
1417 2597 1720 2656 contendit.
1777 2598 1922 2656 Pon-

341 2697 456 2747 tem
474 2688 639 2767 jubet
664 2687 921 2746 rescindi.

695 2854 865 2914 XVI.
946 2856 1333 2914 Helvetwrum
1366 2856 1585 2932 leqatio.

427 2960 536 3019 Ubi
590 2958 661 3018 de
713 2960 832 3037 ejus
875 2958 1124 3017 adventu
1178 2959 1433 3019 Helvetii
1486 2960 1747 3019 certiores
1788 2959 1920 3018 facti

344 3065 491 3119 sunt,
520 3052 734 3127 legatos
758 3048 832 3108 ad
856 3068 985 3108 eum
1009 3050 1264 3124 mittunt,
1301 3050 1396 3129 qui
1437 3051 1703 3122 dicerent,
1744 3056 1782 3086 “
1803 3048 1920 3108 Sibi

2149 864 2156 973 l
