2175 3526
1064 279 1136 337 16

311 448 375 496 ut
427 435 496 494 iis
546 435 813 493 frumenti
859 434 1077 510 copiam
1131 433 1416 501 facerent3
1484 430 1634 507 ipsos
1683 425 1890 504 oppida

315 525 595 603 vicosque,
628 544 766 603 quos
797 523 1179 594 incenderant,
1210 522 1506 580 restituere
1526 518 1713 594 jussit,
1744 515 1892 595 quod

317 617 500 675 noluit
539 620 667 673 eum
707 610 899 673 locum'
930 633 1150 685 vacare,
1190 631 1279 684 ne,
1320 619 1549 688 propter
1586 609 1897 667 bonitatem

312 724 593 782 agrorum,
623 704 888 764 Germani
907 704 969 761 in
991 703 1385 762 Helvetiorum
1409 703 1548 760 fines
1575 700 1895 758 transirent.

628 871 823 942 XLII.
934 839 1322 930 Helvetiorum
1368 869 1609 928 numeri.

396 974 470 1032 In
522 975 722 1033 caetris
767 974 1162 1039 Helvetiorum
1209 973 1416 1031 tabulae
1466 978 1700 1047 repertae
1747 979 1900 1039 sunt,
1974 1042 1979 1046 ι

320 1065 498 1124 literis
539 1064 749 1123 Graecis
787 1065 1071 1137 confectae,
1100 1063 1302 1141 quibus
1327 1063 1386 1120 in
1430 1061 1639 1121 tabulis
1678 1061 1901 1118 nomin-

321 1156 459 1214 atim
485 1154 629 1212 ratio
645 1155 899 1212 confecta
924 1163 1062 1228 erat,
1096 1154 1193 1232 qui
1210 1172 1472 1211 numerus
1498 1152 1661 1210 domo
1689 1151 1898 1210 exisset

322 1264 535 1317 eorum,
562 1244 657 1321 qui
685 1264 844 1302 arma.
866 1245 1014 1303 ferre
1039 1251 1305 1322 possent3
1346 1251 1405 1301 et
1436 1243 1573 1301 item
1601 1242 1899 1318 separatim

328 1333 501 1410 pueri,
530 1353 706 1406 seneS,
727 1334 1119 1413 mulieresque.
1188 1334 1421 1392 Summa
1446 1333 1696 1391 omnium
1719 1333 1901 1391 fuerat
1931 1330 1936 1343 '

328 1425 400 1482 ad
416 1424 598 1481 millia.
633 1430 887 1483 trecenta
910 1426 1210 1502 sexaginta
1236 1432 1293 1483 et
1319 1433 1462 1483 octo·
1554 1425 1780 1496 Eorum,
1810 1424 1901 1502 qui

328 1515 557 1572 domum
596 1513 901 1587 redierunt,
942 1525 1197 1592 repertus
1236 1523 1323 1573 est
1362 1535 1626 1574 numerus
1670 1515 1903 1573 millium

331 1611 557 1663 centum
583 1610 643 1662 et
684 1603 896 1663 decem.

646 1784 877 1844 XLIII.
961 1786 1170 1845 Galliae
1207 1788 1376 1845 totius
1408 1787 1594 1862 leqati.

415 1888 576 1946 Bello
617 1886 1014 1947 Helvetiorum
1053 1888 1326 1961 censente,
1353 1888 1529 1947 totius
1559 1889 1676 1947 fere
1718 1888 1916 1947 Gallim

340 1978 533 2054 legati,
575 1978 855 2055 principes
893 1978 1208 2051 civitatum,
1237 1979 1310 2036 ad
1354 1980 1628 2037 Oaesarem
1668 1979 1917 2055 gratule-

342 2079 463 2125 tum
502 2075 920 2138 convenerunt3
972 2075 1009 2104 “
1030 2067 1359 2145 Intelligere
1387 2088 1524 2143 sese,
1550 2070 1792 2143 tametsi,
1818 2090 1917 2147 pro

400 2158 687 2217 veteribus
734 2158 1131 2218 Helvetiorum
1183 2159 1403 2237 injuriis
1456 2159 1658 2236 Populi
1715 2159 1919 2219 Roma-

345 2256 364 2284 ‘
401 2249 480 2321 ni,
521 2248 593 2307 ab
619 2249 689 2306 iis
715 2269 909 2325 poenas
943 2249 1255 2326 repetisset,
1283 2258 1475 2309 tamen
1502 2270 1627 2309 eam
1666 2269 1785 2308 rem
1813 2270 1924 2308 non

349 2348 366 2373 ‘
404 2340 592 2396 minus
617 2358 692 2396 ex
713 2358 819 2396 usu
834 2346 999 2397 terrae
1027 2339 1230 2398 Galliae
1259 2342 1427 2418 quem
1457 2340 1658 2417 Populi
1688 2340 1923 2398 Romani

353 2437 369 2463 ‘
408 2428 717 2499 accidisse3
757 2436 1053 2505 propterea
1097 2431 1265 2507 quod,
1311 2430 1715 2489 florentissimis
1747 2430 1924 2499 rebus,

355 2529 372 2554 ⁴
411 2519 605 2577 domos
644 2537 775 2576 suas
804 2518 1058 2578 Helvetii
1086 2521 1464 2598 reliquissent,
1492 2528 1555 2579 ut
1582 2522 1689 2579 toti
1730 2520 1923 2580 Gallias

360 2616 379 2645 ⁸
417 2607 630 2666 bellum
648 2608 939 2682 inferrent,
967 2611 1313 2689 imperioque
1330 2611 1681 2689 potirentur3
1720 2610 1925 2670 locum-

368 2703 383 2729 ‘
412 2718 524 2776 que
540 2698 822 2759 domicilio
849 2700 1181 2778 deligerent,
1210 2722 1377 2780 quem
1402 2701 1925 2780 opportunissimum

365 2798 383 2825 ‘
412 2808 480 2847 ac
505 2788 1010 2849 fructuosissimum
1040 2791 1389 2870 judicassent
1411 2815 1429 2864 ;
1471 2792 1928 2871 reliquasqueci·

362 2878 378 2906 ‘
419 2879 628 2939 vitates
654 2881 1044 2958 stipendiariae
1070 2882 1389 2943 haberent.”
