2175 3526
1057 325 1134 384 36

306 480 513 567 mahat,
542 481 812 559 quidquid
837 487 1107 558 praeterea
1140 481 1371 539 navium
1396 481 1689 558 longarum
1713 481 1883 542 habe·

307 571 423 645 bat,
444 572 964 649 quaestori‚.legatis,
984 571 1376 649 praefectisque
1394 571 1697 631 distribuit.
1755 571 1887 632 Huc

307 663 646 722 accedebant
684 662 990 721 octodecim
1029 662 1315 736 onerariae,
1357 683 1481 740 quae
1520 669 1690 722 vento
1728 669 1887 723 tene-

307 755 533 825 bantur,
575 772 685 831 quo
723 753 911 811 minus
948 753 1010 811 in
1048 753 1289 813 eundem
1326 760 1552 829 portum
1592 753 1887 830 pervenire

305 850 551 922 possent.
632 843 756 901 Has
794 843 1076 921 equitibus
1115 843 1439 913 distribuit3
1480 843 1758 921 reliquum
1784 864 1888 904 ex-

306 935 542 994 ercitum
569 934 788 1011 legatis,
815 933 876 991 in
916 932 1224 1010 Menapios,
1264 941 1434 1011 atque
1470 935 1528 991 in
1580 954 1674 992 eos
1713 954 1889 1011 pagos

309 1025 674 1098 Morinorum,
703 1024 773 1084 ab
803 1023 1004 1102 quibus
1038 1024 1213 1101 legati
1248 1044 1361 1083 non
1397 1031 1686 1097 venerant,
1712 1026 1890 1084 dedu-

305 1117 545 1176 cendum
590 1115 764 1174 dedit.
846 1114 1108 1173 Publium
1151 1114 1462 1191 Sulpicium
1508 1114 1722 1173 Rufum
1760 1135 1890 1174 cum

304 1206 580 1284 praesidio,
635 1206 784 1284 quod
835 1206 971 1264 satis
1021 1225 1142 1267 esse
1205 1205 1598 1278 arbitrabatur,
1663 1213 1890 1282 portum

306 1305 496 1357 tenere
512 1297 700 1374 jussit.

461 1450 803 1511 LXXXIV.
910 1452 1284 1510 Britanniam
1321 1451 1571 1528 antima.

385 1556 496 1613 His
522 1554 848 1615 constitutis
887 1554 1070 1628 rebus,
1111 1560 1309 1612 nactus
1333 1554 1592 1614 idoneam
1630 1555 1704 1614 ad
1728 1556 1891 1614 navi·
1935 1550 1942 1561 ⁸

305 1648 552 1724 gaudum
604 1651 1017 1722 tempestatem,
1070 1643 1243 1702 tertia
1292 1643 1409 1703 fere
1454 1644 1654 1722 vigilia
1702 1646 1890 1720 solvit,

305 1739 632 1818 equitesque
673 1736 732 1794 in
780 1735 1102 1795 ulteriorem
1143 1741 1371 1813 portum
1407 1736 1686 1813 progredi,
1732 1743 1802 1806 et,
1831 1756 1894 1799 se

306 1829 481 1907 sequi,
500 1827 670 1906 jussit
691 1848 709 1896 3
750 1845 787 1886 a
812 1826 1013 1904 quibus
1040 1846 1212 1905 quum
1229 1826 1287 1883 id
1312 1827 1481 1902 paulo
1507 1828 1722 1886 tardius
1747 1838 1893 1888 esset

305 1920 773 1991 administratum,
802 1917 923 1994 ipse
946 1916 1089 1976 hora
1119 1916 1230 1975 diei
1267 1917 1490 1976 circiter
1521 1925 1737 1995 quarta,
1765 1940 1894 1978 cum

307 2009 502 2088 primis
530 2008 803 2081 navibus,
850 2006 1205 2066 Britanniam
1251 2007 1462 2084 attigit,
1507 2014 1678 2086 atque
1715 2010 1793 2068 ibi
1833 2010 1891 2067 in

306 2100 564 2159 omnibus
589 2099 826 2158 collibus
853 2098 1139 2175 expositas
1164 2097 1411 2156 hostium
1437 2099 1625 2176 copias
1650 2108 1895 2159 armatas

308 2190 617 2269 conspexit.
725 2189 898 2268 Cujus
955 2188 1064 2249 loci
1116 2188 1236 2248 haec
1287 2196 1409 2248 erat
1452 2197 1699 2275 natura3
1754 2190 1895 2250 adeo

305 2282 589 2341 montibus
626 2280 879 2357 angustis
912 2299 1067 2339 mare
1102 2280 1508 2346 continebatur,
1536 2280 1622 2340 uti
1656 2300 1732 2340 ex
1758 2281 1893 2340 locis

307 2370 725 2451 superioribus
707 2391 768 2429 1n
794 2370 931 2430 litus
954 2370 1134 2429 telum
1160 2370 1326 2448 adjici
1351 2377 1557 2448 posset.

489 2525 794 2585 LXXXV.
905 2526 977 2585 N
972 2546 1097 2586 aves
1133 2525 1383 2601 reliquas
1420 2535 1702 2601 exspectat.

378 2630 558 2689 Hunc
596 2628 669 2688 ad
695 2628 1094 2705 egrediendum
1128 2648 1481 2707 nequaquam
1520 2629 1779 2689 idoneum
1805 2651 1894 2689 ar-

307 2721 549 2780 bitratus
574 2719 777 2791 locum,
804 2718 938 2777 dum
965 2719 1196 2797 reliquae
1222 2739 1394 2779 naves
1420 2720 1487 2779 eb
1512 2720 1893 2792 convenirent,

310 2814 368 2871 in
395 2809 653 2870 anchoris
677 2810 1047 2887 exspectavit.
1116 2807 1374 2884 Interim,
1401 2809 1603 2887 legatis
1628 2810 1892 2870 tribunis-

310 2903 419 2981 que
445 2900 693 2961 militum
721 2901 1055 2976 convocatis),
1084 2922 1212 2983 quae
1240 2900 1366 2963 fieri
1394 2901 1587 2975 vellet,
1616 2901 1893 2971 ostendit3
