2175 3526
997 331 1072 389 23

241 505 536 563 corporum
578 486 902 559 Germanos,
929 485 1243 546 incredibili
1271 487 1500 561 virtute,
1528 496 1699 566 atque
1724 508 1828 565 ex·-

241 575 570 635 ercitatione
609 576 669 632 in
709 576 896 648 armis,
937 595 1057 635 esse
1095 576 1516 653 praedicabant3
1573 596 1829 654 saepenu-

243 685 394 724 mero
420 684 540 723 sese
575 685 703 722 cum
730 665 799 722 iis
838 685 1179 742 congressos,
1207 686 1279 725 ne
1318 666 1542 725 vultum
1584 666 1829 745 quidem,

242 764 413 832 atque
462 756 640 815 aciem
705 756 1010 829 oculorum,
1065 756 1212 816 ferre
1270 757 1556 834 potuiss03
1630 764 1823 816 tantus

243 846 428 905 subito
480 848 650 905 timor
701 847 1013 906 exercitum
1077 847 1393 924 occupavit,
1463 856 1530 907 ut
1581 848 1828 906 omnium

244 942 458 995 mentes
497 937 821 1014 animosque
868 937 1240 1013 perturbaret.
1321 938 1437 998 Hic
1470 946 1627 997 ortus
1672 947 1760 998 est
1796 958 1832 996 a

243 1027 486 1086 tribunis
525 1028 788 1100 militum,
815 1028 1174 1106 reliquisque,
1206 1028 1322 1106 qui,
1356 1028 1618 1099 amicitiae
1664 1029 1833 1087 causa

249 1117 523 1176 Gaesarem
584 1117 779 1190 secuti,
835 1137 946 1175 non
1006 1137 1294 1194 maguum,
1347 1118 1408 1176 in
1466 1138 1529 1177 re
1579 1117 1831 1190 militari,

261 1229 422 1267 usum
448 1208 746 1268 habebant.

586 1375 780 1434 LVII.
891 1377 979 1435 De
1004 1377 1237 1435 timidis.

322 1477 507 1549 Alius,
534 1478 650 1536 alia
688 1477 856 1537 causa
895 1477 1075 1550 illata,
1115 1477 1403 1553 petebant,
1445 1483 1510 1534 ut
1549 1476 1837 1536 discedere

247 1568 472 1637 liceret3
514 1567 790 1640 nonnulli,
818 1575 882 1625 ut
909 1567 1130 1639 timoris
1155 1567 1530 1644 suspicionem
1569 1567 1834 1642 vitarent,

249 1656 629 1716 remanebant.
712 1656 811 1729 Hi,
839 1656 1017 1716 abditi
1045 1656 1106 1714 in
1127 1656 1519 1729 tabernaculis,
1547 1663 1648 1714 aut
1674 1675 1835 1715 suum

250 1747 427 1806 fatum
451 1747 844 1825 querebantur,
866 1753 966 1806 aut
992 1768 1122 1806 cum
1148 1745 1519 1805 familiaribus
1543 1746 1660 1806 suis
1685 1768 1832 1806 com-

249 1859 415 1897 mune
441 1839 751 1914 periculum
791 1839 1220 1897 miserabantur.
1302 1838 1461 1896 Totis
1500 1839 1697 1897 castris
1722 1847 1837 1898 tes-

249 1936 499 1986 tamenta
525 1927 981 2004 obsignabantur.
1051 1928 1274 1987 Horum
1302 1928 1549 2001 vocibus,
1577 1929 1748 1987 etiam
1777 1929 1837 2001 ii,

248 2016 345 2096 qui
370 2037 636 2094 magnum
664 2019 722 2075 in
761 2018 960 2076 castris
999 2037 1164 2076 usum
1204 2016 1501 2090 habebant,
1542 2018 1839 2095 perturba-

249 2108 470 2166 bantur.
539 2108 646 2177 Qui
675 2127 734 2166 se
751 2109 935 2165 minus
962 2107 1190 2166 timidos
1216 2107 1528 2166 existimari
1556 2108 1836 2179 volebant,

249 2219 357 2257 non
399 2218 458 2257 se
504 2198 720 2257 hostem
772 2199 974 2271 vereri,
1013 2199 1111 2257 sed
1164 2200 1453 2275 angustias
1506 2198 1739 2271 itineris,
1782 2209 1835 2257 et

248 2289 692 2366 magnitudinem
732 2289 1021 2363 silvarum,
1075 2311 1201 2368 quae
1240 2290 1651 2349 intercederent
1693 2290 1839 2348 inter

249 2380 398 2457 ipsos
423 2386 594 2457 atque
622 2379 989 2453 Ariovistum,
1019 2380 1297 2440 dicebant.
1366 2380 1645 2438 Nonnulli
1667 2380 1835 2438 etiam

250 2471 453 2530 Caesari
481 2471 904 2545 renunciabant,
927 2492 1101 2548 quum
1129 2478 1311 2534 castra
1338 2471 1570 2543 moveri,
1593 2490 1659 2529 ac
1680 2470 1839 2548 signa

250 2561 402 2634 ferri,
421 2559 697 2638 jussisset,
725 2580 838 2619 non
865 2561 984 2621 fore
1008 2561 1162 2642 dicto
1189 2560 1484 2620 audientes
1508 2560 1737 2619 milites.

589 2715 815 2774 LVIII.
898 2716 1093 2778 O'oesar
1130 2736 1215 2775 eos
1252 2718 1489 2775 incusat.

328 2816 470 2876 Haec
498 2837 671 2896 quum
709 2818 1217 2891 animadvertisset,
1244 2825 1552 2877 convocato
1590 2815 1744 2874 consi
1752 2817 1856 2890 lio,

252 2907 611 2988 omniumque
651 2907 909 2966 ordinum
961 2907 1229 2967 adhibitis
1268 2906 1714 2980 centurionibus,
1745 2926 1836 2988 veq
