2175 3526
973 330 1050 386 43

219 486 452 545 nuncios
491 486 549 544 in
591 504 780 545 omnes
817 491 1006 561 partes
1041 483 1389 556 dimiserunt,
1434 481 1800 560 paucitatem-

216 597 329 655 que
379 583 694 634 nostrorum
739 576 982 633 militum
1023 576 1139 634 suis
1198 575 1684 652 praedicaverunt3
1725 581 1801 643 et,

216 674 431 744 quanta
474 666 675 743 praedae
727 665 1012 737 faciendae‚
1038 672 1209 744 atque
1250 665 1308 722 in
1343 672 1677 742 perpetuum
1716 664 1800 721 sui

216 756 510 830 liberandi,
577 757 813 815 facultas
877 755 1122 828 daretur,
1174 756 1221 814 si
1275 755 1556 814 Romanos
1608 754 1804 813 castris

215 846 583 923 expulissent,
629 847 1171 904 demonstraverunt.
1252 844 1362 904 His
1403 845 1567 905 rebus
1607 845 1805 905 celeri·

215 945 306 996 ter
356 952 561 1013 magna
625 936 986 995 multitudine
1055 935 1344 1013 peditatus
1410 935 1803 1014 equitatusque

215 1034 427 1099 coacta,
454 1027 526 1085 ad
552 1034 739 1086 castra
762 1032 1057 1084 venerunt.

291 1176 295 1180 ’
373 1179 657 1242 XCVIII.
744 1182 989 1243 Vincunt
1029 1182 1298 1242 Romani.

295 1285 496 1358 Oaesar,
529 1286 634 1343 etsi
667 1285 834 1357 idem,
874 1283 1022 1361 quod
1061 1283 1435 1360 superioribus
1475 1284 1670 1343 diebus
1709 1304 1802 1343 ao-

216 1374 448 1446 ciderat,
494 1375 616 1434 fore
661 1374 909 1449 videbat,
952 1382 1033 1446 ut,
1086 1374 1136 1431 si
1180 1380 1365 1431 essent
1411 1373 1596 1432 hostes
1637 1374 1803 1450 pulsi,

216 1465 503 1523 celeritate
567 1465 877 1541 periculum
941 1464 1286 1540 effugerent3
1344 1470 1552 1536 tamen,
1606 1471 1803 1524 nactus

217 1555 433 1632 equites
489 1555 712 1614 circiter
768 1555 1021 1632 triginta,
1085 1573 1223 1631 quos
1284 1553 1566 1612 Commius
1617 1573 1801 1612 secum

218 1652 712 1721 transportaverat,
750 1645 995 1722 legiones
1039 1645 1099 1702 in
1135 1643 1254 1703 acie
1294 1663 1395 1720 pro
1430 1643 1627 1703 castris
1669 1663 1801 1703 con-

220 1735 420 1794 stituit.
505 1736 810 1795 Commisso
835 1735 1050 1813 proelio‚
1077 1742 1391 1794 nostrorum
1426 1734 1669 1794 militum
1696 1735 1801 1794 im-

219 1832 409 1901 petum
454 1826 641 1886 hostes
681 1827 825 1886 ferre
861 1847 973 1885 non
1013 1833 1338 1904 potuerunt,
1364 1846 1430 1885 ac
1469 1834 1632 1903 terga
1675 1848 1799 1888 ver-

218 1923 425 1974 terunt.
507 1916 658 1988 Quos
685 1917 912 1994 [nostri]
946 1916 1143 1989 secuti,
1174 1916 1488 1993 complures
1513 1936 1587 1975 ex
1614 1916 1682 1976 iis
1709 1938 1803 1977 oc·

217 2004 510 2076 ciderunt3
551 2006 769 2079 deinde,
810 2006 1066 2065 omnibus
1106 2006 1273 2082 longe
1315 2006 1543 2084 lateque
1583 2008 1802 2067 afflictis

218 2095 589 2175 incensisque,
617 2116 677 2156 se
704 2096 762 2154 in
789 2103 973 2156 castra
998 2105 1344 2173 receperunt.

372 2249 592 2310 XCIX.
728 2252 921 2313 Oaesar
956 2252 1025 2310 in
1062 2253 1427 2311 continentem
1462 2254 1628 2312 redit.

294 2352 507 2412 Eodem
533 2353 642 2427 die,
663 2354 837 2431 legati
857 2353 931 2412 ad
948 2354 1222 2414 Gaesarem
1249 2355 1318 2414 de
1344 2374 1483 2432 pace
1508 2364 1799 2414 venerunt.

222 2442 329 2501 His
363 2463 656 2503 numerum
692 2444 963 2518 obsidum,
1004 2464 1170 2522 quem
1205 2452 1373 2504 antea
1410 2445 1800 2521 imperaverat,

220 2533 550 2609 duplicavit,
592 2553 796 2612 eosque
836 2534 897 2592 in
948 2535 1327 2594 continentem
1378 2535 1580 2595 adduci
1613 2535 1800 2612 jussit.

222 2622 369 2699 Ipse,
424 2623 681 2682 idoneam
733 2630 1126 2701 tempestatem
1177 2632 1392 2697 nactus,
1438 2625 1630 2702 paullo
1675 2633 1801 2701 post

218 2713 458 2771 mediam
473 2721 711 2785 noctem,
732 2734 903 2774 naves
922 2715 1110 2787 solvit,
1134 2734 1256 2793 quae
1283 2734 1473 2774 omnes
1498 2716 1800 2775 incolumes

217 2804 289 2861 ad
328 2803 707 2862 continentem
741 2812 1152 2880 pervenerunt3
1190 2804 1289 2864 sed
1323 2825 1399 2865 ex
1423 2806 1511 2864 his
1534 2807 1800 2866 onerariae

222 2894 344 2952 duae
370 2893 610 2966 eosdem,
640 2913 778 2971 quos
823 2894 1069 2974 reliquae,
1095 2902 1291 2972 portus
1325 2915 1522 2973 capere
1561 2916 1670 2956 non
1698 2917 1794 2976 po·
