2175 3526
1126 294 1200 352 18

902 447 1125 508 XLVI.
1269 449 1447 506 Idem.

450 558 468 588 ‘
510 551 674 610 Nune
728 570 846 609 esse
898 551 958 608 in
997 550 1188 610 Gallia
1238 551 1312 608 ad
1362 556 1589 609 eentum
1635 558 1695 609 et
1745 550 1951 626 viginti

373 647 388 675 ‘
429 641 671 700 millium
707 660 1039 711 numerum;
1081 661 1209 699 eum
1248 640 1336 698 his
1372 639 1608 713 AEcluos,
1656 659 1961 716 eorumque

373 737 392 765 ‘
429 733 677 804 clientes,
698 733 870 790 semel
897 739 1067 809 atque
1095 732 1295 790 iterum
1322 731 1671 790 contendisse
1692 753 1710 801 ;
1750 730 1958 807 pulsos,

374 828 389 854 ‘
429 841 653 880 omnem
707 821 1079 894 nobilitatem,
1128 838 1348 879 omnem
1407 833 1682 892 senatum,
1737 839 1957 878 omnem

371 921 389 944 ⁸
433 912 747 990 equitatum
793 911 1059 970 amisisse.
1142 909 1355 982 Quibus
1388 910 1821 981 calamitatibus,
1862 908 1958 986 qui

370 1008 389 1035 ‘
430 1002 735 1079 plurimum
801 1004 934 1060 ante
985 1002 1044 1059 in
1099 1000 1291 1059 Gallia
1348 1001 1676 1077 potuissent,
1743 1006 1961 1057 coaetos

372 1100 391 1126 ⁶
433 1111 553 1150 esse
574 1092 848 1170 Sequanis
874 1091 1094 1150 obsides
1114 1091 1265 1163 dare,
1294 1090 1665 1149 nobilissimos
1692 1087 1959 1158 civitatis,

432 1187 491 1239 et
507 1180 869 1258 jurejurando
895 1180 1184 1240 civitatem
1223 1179 1585 1256 obstringere,
1624 1197 1742 1237 sese
1776 1196 1958 1255 neque

434 1270 652 1329 obsides
706 1271 1057 1346 repetituros,
1107 1289 1288 1348 neque
1342 1269 1617 1328 auxilium
1660 1288 1696 1326 a
1746 1267 1959 1344 Populo

376 1364 397 1392 ‘⁰
436 1359 690 1418 Romano
727 1359 1136 1437 imploraturos,
1190 1379 1370 1438 neque
1417 1367 1782 1431 recusaturos,
1823 1377 1958 1436 quo-

438 1449 622 1508 minus
648 1451 918 1528 perpetuo
944 1450 1047 1508 sub
1075 1450 1301 1509 illorum
1325 1450 1558 1526 imperio
1586 1456 1788 1509 essent.

903 1604 1156 1663 XLVII.
1264 1606 1445 1664 Idem.

457 1716 477 1745 ‘
516 1708 709 1768 Unum
748 1729 807 1769 se
849 1729 968 1769 esse
1007 1728 1082 1768 ex
1142 1709 1293 1768 omni
1347 1708 1578 1769 eivitate
1625 1708 1958 1772 AEduorum,

438 1801 534 1879 qui
561 1801 762 1860 adduci
802 1821 914 1859 non
952 1801 1216 1877 potuerit,
1245 1808 1309 1858 ut
1345 1801 1579 1877 juraret,
1618 1806 1717 1858 aut
1757 1799 1958 1857 liberos

377 1902 392 1926 ‘
437 1912 564 1950 suos
590 1891 808 1950 obsides
832 1891 1008 1950 daret.
1091 1890 1177 1949 Ob
1203 1910 1328 1968 eam
1363 1910 1498 1959 rem,
1527 1910 1586 1949 se
1625 1910 1699 1948 ex
1732 1888 1958 1948 civitate

368 1991 382 2005 '
437 1980 764 2059 profugisse,
802 1988 859 2040 et
899 1981 1140 2040 Romam
1180 1981 1415 2052 venisse,
1451 1980 1727 2039 auxilium
1766 1985 1958 2056 postu·

362 2069 378 2094 ‘
438 2070 635 2128 latum.
738 2071 850 2129 Sed
894 2070 1054 2148 pejus
1107 2069 1412 2130 victoribus
1462 2070 1752 2149 Sequanis,
1793 2072 1960 2148 quem

374 2170 390 2196 ⁴
447 2159 644 2218 AEduis
686 2160 865 2233 vietis,
906 2159 1209 2230 accidisse3
1269 2168 1565 2236 propterea
1624 2158 1775 2238 quod
1826 2158 1959 2217 Ari-

380 2262 395 2285 ·
440 2250 672 2325 ovistus,
697 2271 801 2310 rex
834 2252 1258 2324 Germanorum,
1285 2251 1346 2309 in
1380 2271 1571 2310 eorum
1598 2251 1800 2309 finibus
1826 2271 1957 2311 eon-

378 2350 393 2376 ‘
439 2341 689 2415 sedisset,
728 2341 1063 2418 tertiamque
1102 2349 1320 2417 portem
1365 2341 1487 2418 agri
1523 2342 1767 2420 Sequani
1799 2362 1960 2401 oceu-

379 2441 396 2467 ‘
440 2431 705 2509 pavisset.
773 2431 1050 2489 Futurum
1069 2450 1207 2503 esse,
1228 2431 1421 2507 paucis
1452 2432 1632 2504 annis,
1655 2431 1739 2489 uti
1772 2451 1961 2489 omnes

382 2528 395 2555 ‘
441 2540 516 2579 ex
542 2520 743 2580 Gallias
771 2519 976 2578 finibus
999 2521 1360 2596 pellerentur,
1386 2528 1557 2600 atque
1598 2541 1789 2580 omnes
1823 2521 1961 2581 Ger·

388 2620 405 2645 ‘
441 2611 593 2670 mani
621 2610 881 2669 Rhenum
907 2611 1228 2671 transirent.

888 2765 1177 2827 XLVIII.
1255 2769 1432 2827 Idem.

451 2882 469 2912 ‘
523 2871 872 2930 Ariovistum
899 2879 1107 2943 autem,
1134 2878 1199 2930 ut
1237 2873 1408 2931 semel
1455 2873 1745 2954 Gallorum
1777 2873 1962 2948 copias
