2175 3526
1083 324 1161 380 28

328 489 345 515 ⁸
384 479 689 552 muniendi,
711 499 823 538 non
851 464 1051 538 Galliae
1076 477 1489 554 impugnandae,
1517 477 1684 535 eausa
1710 477 1907 535 faeere.

327 581 344 606 ⁶
387 572 458 630 Se
484 560 643 648 prius
669 570 727 628 in
757 569 1002 628 Galliam
1028 568 1266 641 venisse,
1295 569 1464 646 quem
1491 566 1769 644 Populum
1797 567 1912 625 Ro-

327 674 342 696 ⁶
384 682 627 720 manum.
706 659 1026 738 Nunquam,
1053 667 1185 717 ante
1205 659 1310 717 hoo
1336 665 1574 734 temqu
1602 658 1912 716 exereitum

327 764 341 787 ‘
385 752 586 829 Populi
614 750 853 809 Romani
886 750 1189 827 provinoiae
1218 751 1355 807 fines
1382 769 1681 825 egressum.
1765 747 1910 819 Quid

328 856 341 875 ⁸
381 843 487 901 sibi
528 840 747 900 vellet?
830 841 944 900 Gur
971 840 1029 899 in
1070 860 1199 898 suas
1237 840 1608 917 possessiones
1647 839 1911 898 veniret?

326 944 341 968 ⁴
382 933 737 991 Provinciam
764 952 922 990 suam
947 931 1093 990 hane
1119 951 1255 1005 esse,
1281 931 1428 989 sieut
1461 930 1618 989 illam
1645 940 1909 990 nostram.

324 1032 339 1058 ‘
382 1023 465 1082 Ut
491 1023 598 1100 ipsi
625 1022 852 1082 concedi
893 1042 1004 1080 non
1044 1028 1342 1099 oporteret,
1370 1021 1416 1080 si
1445 1021 1503 1078 in
1531 1028 1747 1079 nostros
1775 1022 1914 1080 fines

324 1126 338 1148 ⁶
379 1115 650 1191 impetum
689 1114 917 1187 faceret,
953 1113 1035 1172 sio
1074 1113 1210 1171 item
1250 1133 1351 1170 nos
1390 1132 1509 1171 esse
1548 1112 1785 1190 iniquos,
1814 1114 1910 1190 qui

323 1214 339 1238 ‘
379 1205 436 1262 in
465 1225 565 1262 suo
595 1204 724 1281 jure
750 1224 810 1264 se
836 1203 1368 1281 interpellaremus?

677 1359 929 1419 LXVII.
1014 1361 1208 1421 Coesar
1245 1361 1553 1433 respondet.

399 1464 586 1522 Multa
613 1464 684 1522 ab
725 1463 944 1523 Caesare
984 1464 1139 1521 diota
1176 1471 1326 1527 sunt.
1356 1483 1527 1539 quare
1562 1464 1786 1540 negotio
1814 1463 1906 1522 de-

321 1556 514 1615 sistere
553 1575 666 1613 uon
706 1562 933 1632 posset3
977 1559 1012 1590 “
1034 1553 1233 1631 Neque
1272 1573 1448 1626 suam,
1489 1573 1670 1632 neque
1711 1553 1909 1629 Populi

322 1642 336 1665 ⁴
379 1646 638 1718 Romani,
667 1644 1125 1703 consuetudinem
1152 1644 1291 1720 pati,
1320 1643 1405 1701 uti
1446 1644 1657 1721 optime
1683 1645 1910 1702 meritos
1957 1659 1961 1663 ·

317 1734 331 1757 ⁶
376 1736 554 1795 secios
607 1736 932 1806 desereret3
992 1754 1175 1812 neque
1226 1754 1287 1794 se
1338 1734 1611 1811 judicare,
1666 1735 1913 1794 Galliam

316 1825 329 1850 ⁶
376 1827 561 1903 potius
588 1846 707 1885 esse
736 1825 1028 1898 Ariovisti,
1056 1828 1225 1904 quem
1267 1825 1466 1901 Populi
1507 1825 1765 1884 Romani.
1854 1823 1915 1881 Si

318 1927 334 1946 ⁶
368 1917 644 1993 judicium
700 1923 928 1974 senatus
981 1916 1267 1975 observari
1321 1922 1621 1992 oporteret,
1677 1916 1907 1975 liberam

314 2014 327 2039 ‘
377 2007 577 2066 debere
631 2026 750 2065 esse
791 2007 1054 2078 Galliam,
1098 2027 1284 2085 quam,
1324 2006 1474 2065 bello
1514 2007 1742 2079 victam,
1795 2008 1910 2065 suis

320 2108 337 2133 ⁶
377 2099 593 2174 legibus
640 2098 722 2155 uti
773 2098 1091 2156 voluisset.”
1177 2097 1329 2155 Dum
1375 2098 1494 2156 haeo
1532 2097 1589 2155 in
1632 2098 1908 2175 colloquio

318 2196 606 2265 geruntur,
648 2187 853 2247 Oaesari
880 2189 1207 2247 nunciatum
1246 2195 1349 2260 est,
1377 2187 1593 2266 equites
1635 2189 1906 2247 Ariovisti

319 2279 544 2355 propius
582 2280 861 2337 tumulum
908 2279 1188 2352 secedere,
1232 2286 1291 2337 et
1336 2278 1551 2356 lapides
1590 2277 1815 2356 telaque
1849 2280 1901 2337 in

319 2378 535 2428 nostros
562 2369 852 2449 conjicere.

661 2525 949 2584 LXVIII.
1034 2527 1403 2601 Colloquendi
1426 2526 1585 2600 finis.
1667 2564 1671 2568 -

400 2629 586 2688 Caesar
612 2629 874 2707 loquendi
902 2630 1070 2688 finem
1105 2630 1239 2688 fecit
1260 2651 1278 2699 3
1317 2647 1377 2688 se
1402 2630 1475 2688 ad
1501 2649 1629 2688 suos
1655 2630 1901 2706 recepit;

312 2720 635 2796 imperavit,
663 2740 734 2778 ne
762 2720 911 2798 quod
939 2721 1165 2794 omnino
1204 2720 1381 2778 telum
1410 2720 1470 2778 in
1496 2720 1683 2779 hostes
1711 2720 1900 2797 rejice-

318 2818 460 2869 rent.
541 2810 708 2881 Nam,
735 2810 839 2869 etsi
862 2812 980 2869 sine
1002 2812 1119 2869 ullo
1146 2811 1393 2888 periculo
1414 2811 1649 2887 legionis
1675 2811 1903 2869 deleetae

320 2901 576 2979 proelium
615 2901 735 2961 fore
774 2902 1021 2967 videbat.
1057 2909 1245 2960 tamen
1286 2901 1745 2961 committendum
1793 2920 1898 2958 non
