2175 3526
998 343 1036 401 9

114 484 119 491 ’
216 497 569 575 suppetebat.
665 496 750 555 Eo
802 508 991 555 autem
1043 497 1341 569 frumento,
1387 496 1534 574 quod
1576 495 1805 554 flumine

220 591 402 648 Arare
429 587 665 646 navibus
691 586 1047 659 subvexerat,
1072 588 1259 645 minus
1280 587 1363 644 uti
1390 594 1628 664 poterat,
1656 586 1801 664 qubd

220 680 330 738 iter
370 679 440 738 ab
484 678 662 736 Arare
699 676 951 736 Helvetii
991 684 1332 750 averterant,
1370 697 1405 734 a
1451 677 1651 754 quibus
1692 676 1804 734 dis-

219 769 420 828 cedere
446 767 689 826 nolebat.

460 934 724 994 XXVII.
846 936 1038 996 Oaesar
1072 936 1299 994 AEduos
1336 945 1573 994 accusat.

300 1037 467 1098 Diem
494 1058 568 1096 ex
589 1038 681 1097 die
701 1038 904 1097 ducere
925 1037 1099 1095 AEdui
1118 1059 1136 1106 3
1177 1037 1435 1110 conferri,
1454 1037 1808 1113 comportari,

222 1129 418 1188 adesse
444 1129 645 1187 dicere.
746 1127 861 1186 Ubi
900 1147 960 1186 se
998 1127 1212 1185 diutius
1238 1128 1367 1186 duci
1395 1127 1711 1196 intellexit3
1751 1134 1807 1185 et

222 1220 373 1277 diem
399 1219 625 1291 instare,
669 1238 778 1296 quo
819 1217 910 1277 die
944 1217 1290 1276 frumentum
1316 1217 1589 1276 militibus
1625 1217 1810 1275 metiri

226 1315 539 1386 oporteret3
581 1308 902 1367 convocatis
940 1326 1133 1366 eorum
1172 1306 1536 1383 principibus,
1576 1325 1810 1384 quorum

222 1419 488 1475 magnam
516 1398 734 1474 copiam
762 1397 820 1455 in
848 1397 1043 1456 castris
1064 1395 1513 1467 habebat‚inl1is
1530 1395 1812 1455 Divitiaco

226 1499 281 1548 et
314 1489 493 1561 Lisco,
523 1489 619 1566 qui
646 1507 861 1546 summo
901 1487 1256 1563 magistratui
1282 1493 1537 1564 praeerat,
1564 1486 1808 1563 graviter

226 1600 320 1638 eos
348 1586 592 1650 accusat,
616 1578 766 1656 quod
786 1578 857 1636 ab
884 1578 954 1636 iis
973 1597 1086 1635 non
1106 1578 1464 1647 sublevetur3
1504 1575 1814 1654 praesertim

229 1690 417 1748 quum,
443 1689 650 1745 magna
689 1688 765 1727 ex
803 1677 984 1745 parte,
1025 1688 1219 1727 eorum
1259 1667 1515 1744 precibus
1540 1667 1815 1727 adductus

227 1760 443 1821 bellum
471 1760 794 1838 susceperit.

468 1927 769 1987 XXVIII.
849 1928 1047 2008 Liscus
1085 1929 1409 2001 respondet:

311 2032 456 2090 Tum
486 2032 710 2090 demum
739 2030 932 2089 Liscus
957 2030 1251 2107 proponit3
1293 2037 1329 2065 “
1346 2029 1483 2089 Esse
1503 2030 1817 2101 nonnullos,

289 2141 527 2200 quorum
545 2122 847 2180 auctoritas
863 2121 1014 2197 apud
1035 2119 1258 2198 plebem
1277 2120 1581 2197 plurimum
1602 2121 1790 2179 valeat
1799 2142 1816 2189 ;

233 2221 248 2247 ‘
289 2211 410 2284 hos,
452 2212 717 2270 seditiosa
751 2220 922 2289 atque
961 2210 1215 2286 improba
1254 2210 1521 2283 oratione,
1559 2211 1820 2268 multitu-

234 2319 250 2336 ·
290 2301 480 2360 dinem
521 2301 817 2373 deterrere,
859 2321 929 2360 ne
969 2302 1315 2358 frumentum
1340 2301 1646 2359 conferant.
1729 2299 1820 2358 Ab

233 2405 247 2425 ⁶
292 2393 490 2450 iisdem
515 2398 709 2450 nostra
747 2391 980 2450 consilia
1017 2389 1270 2448 hostibus
1295 2389 1580 2448 enunciari
1602 2411 1620 2459 3
1661 2389 1763 2447 hos
1788 2409 1823 2446 a

235 2495 250 2517 ⁶
290 2501 351 2540 se
395 2481 636 2541 coerceri
679 2502 792 2539 nou
840 2501 1016 2557 posse.
1101 2479 1249 2549 Quin
1290 2480 1479 2552 etiam,
1521 2479 1671 2557 quod
1705 2498 1823 2537 rem

236 2581 252 2607 ⁶
294 2572 499 2629 Gaesari
526 2572 856 2643 enunciarit,
885 2571 1202 2646 intelligere
1227 2589 1364 2639 sese,
1382 2576 1592 2647 quanto
1619 2568 1679 2626 id
1697 2587 1824 2626 cum

237 2670 253 2696 ‘
294 2661 543 2737 periculo
571 2662 808 2729 fecerit3
842 2670 918 2728 et,
960 2661 1030 2719 ob
1070 2681 1194 2719 eam
1235 2680 1477 2733 causam,
1520 2678 1688 2737 quam
1726 2658 1821 2717 diu

236 2760 254 2788 ‘
290 2757 558 2828 potuerit,
586 2751 841 2810 tacuisse.
856 2752 884 2772 '’
