2175 3526
1064 275 1142 331 42

314 438 483 507 atque
513 428 718 488 essedis
762 427 1260 487 circumdederant.
1340 426 1530 485 Genus
1564 427 1669 486 hoc
1699 434 1785 487 est
1819 447 1890 486 ex

312 519 519 578 essedis
555 539 775 596 pugnae.
841 518 1027 576 Primo
1053 537 1156 594 per
1189 537 1379 576 omnes
1417 524 1605 593 partes
1635 519 1891 595 perequi-

313 617 456 679 tant,
477 617 536 668 et
555 610 671 667 tela
695 608 1015 686 conjiciunt,
1043 613 1214 684 atque
1233 607 1353 683 ipso
1380 614 1590 666 terrore
1610 627 1895 685 equorum,

315 713 373 763 et
398 699 637 776 strepitu
663 705 927 770 rotarum,
957 698 1177 756 ordines
1197 698 1523 775 plerumque
1549 698 1895 775 perturbant,

312 797 392 861 et,
421 809 592 867 quum
613 808 672 846 se
693 788 840 846 inter
866 788 1118 865 equitum
1144 794 1357 845 turmas
1382 787 1806 859 insinuaverint,
1823 807 1895 846 ex

316 879 524 939 essedis
560 878 844 950 desiliunt,
881 885 939 936 et
969 877 1202 954 pedibus
1239 878 1588 954 proeliantur.
1669 878 1896 953 Aurigae

317 969 615 1046 paullatim
660 988 735 1027 ex
786 968 985 1045 proelio
1030 967 1328 1040 excedunt,
1368 975 1539 1045 atque
1585 968 1668 1026 ita.
1706 987 1899 1026 currus

316 1059 610 1133 collocant,
665 1065 746 1132 ut,
791 1059 839 1116 si
881 1058 968 1115 illi
1008 1079 1045 1117 a
1089 1059 1450 1117 multitudine
1495 1059 1737 1116 hostium
1770 1078 1896 1135 pre-

317 1158 560 1223 mantur,
587 1149 914 1226 expeditum
941 1149 1016 1206 ad
1041 1168 1169 1206 suos
1195 1156 1482 1225 receptum
1508 1149 1767 1207 habeant.

472 1303 694 1363 XCVI.
809 1305 1002 1366 Ooesar
1041 1324 1168 1363 suos
1205 1304 1437 1363 reducit.

395 1406 492 1465 Ita
524 1407 897 1465 mobilitatem
929 1406 1203 1483 equitum,
1236 1407 1598 1464 stabilitatem
1634 1404 1903 1483 peditum,

317 1504 587 1575 praestant
607 1518 625 1566 3
666 1518 732 1556 ac
758 1503 979 1555 tantum
1006 1516 1112 1555 usu
1147 1496 1472 1574 quotidiano
1510 1496 1774 1569 efficiunt,
1801 1496 1902 1567 uti,

318 1588 379 1645 in
405 1586 614 1646 declivi
651 1607 717 1645 ac
758 1586 1034 1664 praecipiti
1080 1587 1222 1658 loco,
1266 1586 1525 1645 incitatos
1570 1605 1741 1662 equos
1784 1605 1900 1644 sus-

320 1677 517 1749 tinere,
545 1683 604 1735 et
642 1675 803 1734 brevi
837 1676 1113 1733 moderari
1141 1696 1206 1734 ac
1245 1676 1483 1748 flectere,
1511 1682 1570 1734 et
1604 1695 1706 1751 per
1729 1683 1902 1734 temo-

321 1788 451 1827 nem
481 1786 821 1844 percurrere,
849 1773 908 1824 et
946 1766 1007 1823 in
1033 1767 1175 1843 jugo
1212 1766 1484 1839 insistere,
1512 1774 1570 1824 et
1606 1766 1736 1825 inde
1762 1786 1822 1825 se
1848 1767 1903 1824 in

321 1876 516 1916 currus
535 1855 802 1915 citissime
826 1856 1093 1933 recipere,
1114 1857 1450 1915 consuerint.
1518 1855 1731 1926 Quibus
1746 1855 1909 1915 rebus

321 1945 663 2024 perturbatis
689 1946 910 2018 nostris,
938 1954 1189 2022 tempore
1230 1946 1698 2023 opportunissimo
1726 1946 1910 2005 Gaesar

323 2036 600 2094 auxilium
626 2035 796 2105 tulit3
838 2056 1081 2113 namque
1108 2037 1228 2113 ejus
1268 2036 1516 2094 adventu
1551 2037 1737 2094 hostes
1776 2056 1906 2094 con-

324 2126 608 2199 stiterunt,
654 2126 833 2184 nostri
879 2145 939 2184 se
984 2146 1060 2184 ex
1112 2127 1314 2185 timore
1359 2132 1705 2202 receperunt.
1788 2125 1911 2197 Quo

325 2217 492 2288 facto,
545 2216 618 2274 ad
669 2216 1131 2275 committendum
1182 2217 1442 2293 proelium
1493 2215 1741 2274 alienum
1791 2234 1913 2274 esse

327 2317 548 2383 tempus
582 2305 901 2379 arbitratuS,
941 2326 1043 2365 suo
1078 2326 1139 2365 se
1177 2306 1300 2365 loco
1345 2305 1642 2379 continuit,
1669 2312 1729 2365 et
1752 2305 1911 2364 brevi

327 2398 387 2455 in
406 2405 592 2456 castra
616 2397 862 2474 legiones
887 2396 1132 2456 reduxit.

478 2549 730 2610 XCVII.
811 2552 1095 2610 Britanni
1126 2527 1213 2610 ‘acl
1250 2560 1434 2610 castra
1471 2551 1720 2611 veniunt.

406 2654 624 2713 Secutae
668 2659 818 2727 sunt,
873 2654 1166 2713 continuos
1217 2655 1530 2731 complures
1581 2654 1716 2726 dies,
1770 2661 1909 2713 tem·

331 2751 590 2820 pestates,
644 2763 768 2822 quae
821 2750 880 2803 et
930 2751 1149 2803 nostros
1199 2745 1260 2802 in
1305 2745 1501 2803 castris
1546 2744 1910 2814 continerent,

328 2842 388 2893 et
424 2833 636 2892 hostem
667 2854 704 2891 a
730 2853 923 2910 pugna
955 2834 1331 2912 prohiberent.
1413 2834 1652 2893 Interim
1693 2832 1911 2892 barbari
