2175 3526
1116 341 1198 398 48

582 448 807 536 GVIlI.
885 476 1072 535 Mona
1109 476 1348 552 aliaeque
1383 477 1605 539 insuloe.

439 577 511 636 In
538 578 643 638 hoc
679 578 865 638 medio
904 598 1069 637 cursu
1108 585 1194 638 est
1232 580 1432 654 insula,
1470 602 1594 660 quae
1626 585 1934 661 appellatur

360 665 534 727 Mona
541 691 559 740 ς
599 669 911 746 complures
935 675 1209 746 praeterea
1227 670 1468 731 minores
1488 672 1718 751 objeotae
1744 675 1935 735 insulae

357 759 792 830 existimantur3
845 760 914 818 de
961 758 1163 837 quibus
1200 760 1398 819 insulis
1441 764 1698 822 nonnulli
1736 766 1934 842 scrips-

355 858 537 922 erunt,
566 849 684 907 dies
710 849 1002 908 continuos
1027 850 1264 926 triginta
1300 851 1403 909 sub
1431 852 1631 912 bruma
1662 874 1781 913 esse
1807 876 1933 914 noc-

354 946 486 999 tem.
553 938 675 998 Nos
700 939 844 997 nihil
868 940 939 998 de
954 959 1020 999 eo
1045 942 1594 1016 percunctationibus
1614 946 1933 1021 reperieba-

352 1049 477 1088 mus
503 1030 611 1089 nisi
651 1031 819 1090 certis
856 1051 931 1090 ex
974 1051 1124 1109 aqua
1162 1032 1435 1090 mensuris
1476 1033 1755 1093 breviores
1800 1055 1933 1109 esse,

351 1141 520 1199 quam
547 1121 607 1179 in
633 1122 972 1195 continente,
1000 1127 1192 1180 noctes
1217 1122 1558 1181 videbamus.
1639 1123 1826 1203 Hujus
1852 1134 1932 1184 est

349 1211 641 1289 longitudo
667 1212 875 1285 lateris,
898 1218 962 1270 ut
979 1212 1091 1271 fert
1110 1213 1335 1271 illorum
1361 1212 1566 1289 opinio,
1587 1215 1933 1291 septingent-

348 1321 508 1361 orum
532 1302 790 1362 millium.
871 1302 1126 1361 Tertium
1150 1309 1236 1361 est
1262 1309 1458 1362 contra
1484 1302 1931 1380 Septemtriones,

347 1394 439 1451 cui
464 1393 614 1470 parti
640 1394 798 1452 nulla
822 1399 908 1452 est
946 1392 1164 1470 objecta
1194 1399 1348 1452 terra
1361 1414 1381 1463 3
1421 1393 1522 1452 sed
1546 1393 1666 1471 eJus
1694 1395 1932 1472 angulus

348 1483 538 1542 lateris
563 1484 807 1542 maxime
833 1484 904 1541 ad
933 1482 1291 1542 Germaniam
1309 1489 1543 1559 spectat.
1624 1483 1777 1543 Huic
1802 1485 1923 1544 mil-

345 1573 426 1633 lia
448 1592 712 1650 passuum
737 1572 1062 1649 octingenta
1089 1573 1148 1629 in
1173 1572 1583 1649 longitudinem
1610 1592 1748 1647 esse,
1777 1575 1929 1633 exis-

346 1663 594 1723 timatur.
673 1663 769 1722 Ita
802 1662 982 1720 omnis
1026 1662 1214 1720 insula
1256 1669 1343 1721 est
1387 1662 1448 1720 in
1480 1662 1719 1721 circuitu
1759 1664 1931 1724 vicies

344 1760 569 1814 centum
594 1754 835 1813 millium
867 1773 1153 1831 passuum.

563 1907 722 1969 CIX.
800 1909 1226 1968 Britannorum
1260 1925 1456 1967 mores.

418 2010 512 2070 Ex
552 2012 640 2070 his
675 2010 929 2089 omnibus
981 2010 1149 2087 longe
1198 2016 1331 2069 sunt
1381 2008 1787 2083 humanissimi,
1829 2011 1928 2089 qui

341 2101 604 2162 Cantium
629 2101 901 2175 incolunt,
930 2121 1053 2179 quae
1093 2100 1247 2177 regio
1275 2106 1360 2158 est
1397 2099 1683 2158 maritima
1707 2101 1891 2159 omnis
1907 2124 1940 2172 ;.

340 2211 520 2271 neque
565 2193 805 2252 multum
847 2212 884 2250 a
923 2191 1145 2251 Gallica
1188 2190 1457 2248 differunt
1501 2190 1927 2250 consuetudine.

337 2282 642 2343 Interiores
666 2282 920 2361 plerique
944 2282 1228 2340 frumenta
1250 2300 1364 2339 non
1389 2285 1616 2349 serunt3
1656 2286 1756 2338 sed
1777 2280 1926 2339 lacte

335 2380 396 2433 et
419 2394 584 2433 carne
609 2360 832 2447 viv‘unt,
859 2372 1209 2456 pellibusque
1247 2377 1380 2429 sunt
1423 2370 1634 2430 vestiti.
1714 2368 1926 2429 Omnes

335 2483 470 2523 vero
522 2483 582 2523 se
626 2464 887 2522 Britanni
931 2461 1080 2520 vitro
1126 2461 1403 2525 inficiunt.
1430 2459 1579 2538 quod
1620 2459 1924 2519 caeruleum

333 2554 506 2614 efficit
530 2554 770 2614 colorem
790 2577 809 2625 3
849 2559 1019 2631 atque
1043 2552 1151 2610 hoc
1175 2543 1484 2609 horridiore
1502 2549 1712 2608 suntin
1727 2568 1925 2626 pugna

333 2635 597 2721 aspectu3
656 2644 971 2721 capilloque
1021 2648 1156 2700 sunt
1205 2640 1494 2718 promisso,
1546 2646 1717 2718 atque
1768 2641 1925 2699 omni

331 2742 492 2812 parte
533 2735 777 2812 corporis
819 2745 962 2808 rasa,
1003 2738 1210 2810 praeter
1252 2737 1440 2811 caput,
1467 2737 1528 2790 et
1567 2729 1787 2788 labrum
1824 2749 1923 2788 su-

329 2843 535 2903 penus.
