2175 3526
989 312 1062 370 15

245 467 619 526 contulerunt.
688 465 740 524 N
745 486 837 526 am
863 467 969 525 hoc
993 473 1115 524 toto
1137 466 1353 543 praelio,
1381 487 1551 538 quum
1581 467 1653 527 ab
1677 468 1816 526 horn

255 556 495 633 septima.
518 557 590 614 ad
616 572 910 634 vesperum
944 564 1258 634 pugnatum
1284 557 1376 631 sit,
1402 576 1665 618 aversum
1691 558 1819 618 hos-

256 655 373 706 tem
410 646 600 706 videre
650 666 813 706 nemo
864 647 1070 724 potuit.
1178 647 1273 706 Ad
1315 649 1557 706 multam
1598 657 1817 709 noctem

251 739 423 796 etiam
453 737 526 795 ad
562 737 963 814 impedimenta
994 745 1309 815 pugnatum
1348 745 1468 808 est3
1521 747 1817 817 propterea

254 827 405 905 quod
431 847 534 904 pro
560 828 712 887 vallo
739 848 925 886 carros
950 827 1286 906 objecerant.

542 993 667 1054 XL.
783 997 1033 1055 Helvetii
1056 997 1381 1055 vincuntur.

336 1098 759 1175 Impedimentis
786 1099 1093 1177 castrisque
1119 1099 1293 1157 nostri
1319 1099 1487 1175 potiti
1508 1108 1657 1181 sunt.
1727 1100 1820 1160 Ibi

252 1189 599 1266 Orgetorigis
652 1189 788 1260 filia,
841 1195 1015 1266 atque
1061 1209 1206 1247 unus
1247 1208 1280 1248 e
1317 1188 1449 1247 filiis
1483 1198 1683 1267 captus
1723 1200 1825 1251 est.

263 1279 349 1338 Ex
375 1299 441 1338 eo
481 1279 678 1357 proelio
716 1279 941 1338 circiter
974 1278 1156 1337 millia
1190 1278 1479 1337 hominum
1520 1288 1746 1340 centum
1772 1289 1828 1339 et

257 1369 492 1446 triginta
525 1369 963 1446 superfuerunt;
1017 1388 1195 1446 eaque
1237 1376 1366 1430 tota
1400 1376 1564 1429 nocte
1602 1369 1828 1439 ierunt;

257 1462 316 1518 in
339 1460 476 1518 fines
504 1459 820 1535 Lingonum
840 1458 930 1518 die
951 1466 1152 1537 quarto
1172 1467 1583 1536 pervenerunt3
1638 1480 1828 1538 quum,

260 1557 319 1609 et
342 1555 572 1626 propter
606 1547 843 1608 vulnera.
874 1549 1139 1622 militum,
1163 1555 1224 1607 et
1247 1549 1594 1626 sepulturam
1620 1550 1801 1610 occiso

263 1659 400 1712 rum,
438 1639 613 1698 nostri
647 1659 741 1698 eos
778 1639 935 1717 sequi
971 1658 1084 1697 non
1120 1639 1450 1716 potuissent.
1531 1639 1720 1699 Oaesar
1757 1640 1829 1698 ad

261 1722 539 1807 Lingonas
559 1730 751 1789 literas
771 1730 1113 1809 nunciusque
1131 1728 1303 1804 misit,
1323 1749 1395 1790 ne
1414 1749 1510 1790 eos
1529 1729 1830 1802 frumento,

257 1840 399 1879 neve
436 1821 550 1879 alia
584 1840 662 1893 re,
692 1819 976 1897 juvarent.
1077 1820 1228 1897 lpse,
1269 1820 1457 1880 triduo
1493 1821 1831 1893 intermisso,

258 1931 384 1970 cum
413 1910 672 1969 omnibus
698 1910 874 1988 copiis
900 1930 993 1970 eos
1019 1910 1178 1988 sequi
1201 1911 1394 1988 coepit.

543 2078 701 2136 XLI.
782 2078 1027 2137 Helvetii
1053 2078 1259 2154 leyatos
1286 2080 1534 2138 mittunt.

337 2181 608 2254 Helvetii,
635 2180 883 2240 omnium
909 2200 1095 2240 rerum
1124 2181 1313 2258 inopia
1338 2181 1586 2254 adducti,
1615 2181 1833 2259 legatos

255 2272 329 2330 de
355 2270 636 2332 deditione
662 2272 736 2329 ad
770 2291 899 2330 eum
939 2271 1229 2329 miserunt.
1313 2270 1441 2345 Qui,
1472 2292 1646 2349 quum
1672 2291 1732 2330 se
1758 2272 1832 2330 ad

258 2361 428 2439 pedes
479 2362 856 2440 projecissent,
915 2361 1356 2440 suppliciterque
1409 2362 1582 2421 locuti
1638 2382 1833 2439 paoem

260 2451 545 2528 petissent,
580 2458 748 2531 atque
792 2472 887 2510 eos
932 2452 992 2510 in
1039 2471 1107 2510 eo
1142 2452 1281 2523 loco,
1317 2470 1427 2530 quo
1461 2459 1582 2510 tum
1629 2459 1831 2525 essent,

258 2542 562 2600 adventurn
608 2562 772 2601 suum
823 2548 1151 2618 exspectare
1186 2542 1461 2619 jussisset,
1506 2549 1831 2619 paruerunt.

262 2633 342 2691 Εὖ
370 2640 667 2710 postquam
704 2632 982 2710 pervenit,
1011 2631 1249 2705 obsides,
1280 2652 1454 2703 arma,
1483 2650 1691 2705 servm,
1733 2633 1829 2710 qui

258 2725 331 2782 nd
357 2743 452 2783 eos
489 2723 880 2800 perfugissent,
911 2722 1186 2800 poposcit.
1266 2721 1564 2781 Helvetios
1602 2721 1663 2781 in
1695 2722 1832 2781 fines

258 2833 386 2873 suos
426 2813 635 2873 reverti
680 2813 888 2892 jussit3
949 2820 1009 2872 et
1063 2812 1232 2891 quod,
1272 2811 1535 2871 omnibus
1578 2811 1833 2888 frugibus

254 2904 489 2976 amissis,
532 2903 683 2962 domi
722 2903 864 2963 nihil
905 2910 1046 2975 erat,
1073 2902 1474 2979 Allobrogibus
1513 2901 1826 2981 imperavit.
