2175 3526
1012 290 1083 345 41

251 439 400 496 enim
431 445 589 497 erant
617 459 788 498 naves
814 441 957 514 aliae,
986 441 1187 519 quibus
1212 445 1485 519 reportari
1511 452 1752 522 possent,
1779 454 1836 505 et

250 529 441 587 omnia
470 528 718 602 deerant,
747 550 869 607 quae
909 531 984 588 ad
1020 532 1347 591 reficiendas
1382 553 1478 592 eas
1513 536 1636 593 usui
1669 543 1836 606 sunt3

250 626 308 677 et
335 619 676 678 frumentum
701 619 788 678 his
814 621 872 678 in
905 621 1041 680 locis
1066 621 1128 679 in
1148 622 1386 681 hiemem
1412 626 1698 701 provisum
1723 645 1836 683 non

249 715 390 767 erat.

353 862 569 923 XCIV.
655 865 1073 924 Britannorum
1111 876 1162 925 et
1201 868 1442 928 Goesaris
1478 870 1729 929 consilia.

329 966 542 1038 Quibus
575 967 740 1027 rebus
777 968 1034 1045 cognitis,
1076 969 1359 1046 principes
1393 970 1702 1030 Britanniae
1729 992 1828 1049 op-

248 1057 449 1115 timum
484 1076 603 1116 esse
637 1057 941 1131 duxerunt,
976 1059 1280 1118 rebellione
1314 1058 1483 1133 facta,
1520 1069 1829 1123 commeatu

248 1154 465 1206 nostros
501 1147 810 1224 prohibere,
847 1155 905 1206 et
944 1167 1061 1207 rem
1101 1148 1160 1206 in
1195 1138 1436 1207 hiemem
1484 1150 1791 1227 producere
1814 1173 1831 1221 ;

249 1237 415 1315 quod,
442 1237 511 1296 iis
536 1238 827 1314 superatiS,
853 1245 953 1296 aut
978 1238 1164 1297 reditu
1190 1238 1523 1312 interclusis,
1550 1241 1830 1299 neminem

246 1335 442 1406 postea
476 1327 613 1387 belli
648 1328 921 1386 inferendi
952 1347 1121 1387 causa.
1145 1328 1205 1385 in
1250 1327 1601 1387 Britanniam
1627 1331 1831 1388 transi-

246 1427 435 1478 turum
475 1417 843 1478 confidebant.
925 1417 1129 1496 Itaque
1174 1418 1469 1495 paullatim
1516 1438 1591 1478 ex
1635 1420 1832 1478 castris

246 1509 547 1581 discedere,
583 1527 650 1566 ac
683 1526 812 1566 suos
856 1507 1001 1566 clam
1031 1527 1108 1567 ex
1147 1508 1298 1585 agris
1343 1508 1633 1583 deducere,
1679 1529 1831 1586 coep·

246 1606 428 1659 erunt.
527 1599 610 1657 At
652 1598 851 1671 Caesar,
899 1597 1004 1656 etsi
1056 1598 1305 1657 nondum
1358 1618 1549 1657 eorum
1599 1599 1832 1659 consilia

246 1696 601 1767 cognoverat,
643 1695 833 1747 tamen
873 1689 992 1747 fore
1019 1688 1096 1762 id,
1135 1688 1283 1768 quod
1319 1689 1540 1762 accidit,
1581 1690 1829 1768 suspica-

246 1782 427 1841 batur.
494 1779 695 1858 Itaque
710 1779 782 1838 ad
799 1799 989 1838 omnes
1008 1800 1168 1839 casus
1187 1780 1435 1839 subsidia
1453 1781 1827 1858 comparabat.

247 1871 300 1929 N
304 1890 396 1929 am
421 1877 479 1930 et
517 1870 858 1930 frumentum
890 1870 1139 1947 quotidie
1165 1871 1226 1928 in
1261 1877 1444 1929 castra
1474 1871 1828 1942 conferebat3

245 1967 320 2035 et,
375 1979 498 2039 quae
548 1960 877 2036 gravissime
928 1959 1148 2019 afflictae
1200 1968 1359 2019 erant
1405 1981 1595 2033 naves,
1637 1981 1825 2020 earum

244 2050 480 2110 materia
504 2058 673 2127 atque
688 2070 796 2109 aere
816 2050 889 2108 ad
907 2049 1151 2127 reliquas
1176 2050 1503 2109 reficiendas
1529 2050 1827 2122 utebatur3

244 2148 320 2216 et,
349 2162 474 2219 quae
500 2140 572 2198 ad
599 2160 693 2199 eas
728 2159 817 2198 res
852 2146 1013 2198 erant
1048 2140 1193 2211 usui,
1221 2159 1296 2199 ex
1327 2141 1635 2199 continenti
1675 2160 1826 2200 com·-

245 2231 455 2308 portari
463 2230 714 2308 jubebat.
782 2229 1003 2307 Itaque,
1026 2229 1320 2289 duodecim
1337 2229 1577 2289 navibus
1591 2231 1825 2304 amissis,

243 2320 475 2399 reliquis
501 2326 566 2379 ut
591 2320 846 2397 navigari
871 2327 1076 2396 posset,
1103 2319 1307 2380 effecit.

349 2475 531 2536 XCV.
651 2476 837 2540 Genu-s
863 2494 1082 2550 puynae
1120 2493 1185 2532 ex
1221 2474 1464 2537 Essedis.

321 2578 475 2637 Dum
527 2598 595 2637 ea
644 2584 934 2655 geruntur,
986 2576 1208 2653 legione
1259 2596 1374 2634 una
1421 2576 1825 2635 frumentatum

244 2669 428 2743 missa,
472 2668 657 2727 hostes
701 2676 919 2726 nostros
962 2673 1085 2725 tum
1132 2665 1423 2743 dispersos,
1466 2665 1525 2723 in
1564 2666 1824 2724 metendo

136 2794 145 2798 -
243 2766 556 2836 occupatos&
582 2758 765 2817 subito
791 2756 991 2830 adorti,
1018 2756 1213 2832 paucis
1237 2755 1561 2827 interfectis,
1582 2754 1824 2833 reliquos

243 2850 470 2910 incertis
508 2848 793 2909 ordinibus
825 2846 1327 2925 perturbaverant3
1371 2845 1537 2904 simul
1569 2845 1822 2925 equitatu
