2175 3526
985 352 1058 409 33

519 495 627 555 LX
644 494 847 554 XVII.
967 495 1232 556 Victoria.

303 599 447 657 Duae
502 598 786 658 Ariovisti
838 617 1043 657 uxores
1094 598 1155 656 in
1206 618 1275 658 ea
1324 597 1459 676 fuga
1509 598 1810 675 perierunt.

225 688 370 748 Duae
412 690 544 748 filiae
583 690 801 762 harum,
841 686 1023 748 altera
1059 689 1259 761 occisa,
1286 689 1468 748 altera
1504 694 1672 766 capta
1707 698 1810 747 est.

219 780 388 839 Caius
443 779 706 838 Valerius
776 779 1067 854 Procillus,
1123 800 1296 859 quum
1347 780 1408 838 in
1460 780 1598 858 fuga
1648 779 1812 838 trinis

218 870 438 928 catenis
506 870 733 929 vinctus
784 870 1118 945 traheretur,
1171 872 1233 930 in
1282 872 1467 950 ipsum
1520 874 1811 943 Gaesarem,

219 961 414 1019 hostes
459 955 903 1038 persequentem,
950 962 1167 1021 incidit.
1275 962 1413 1034 Quae
1457 962 1683 1040 quidem
1723 981 1812 1021 res

221 1050 434 1108 Caesari
462 1071 578 1109 non
603 1052 893 1124 minorem,
921 1052 1090 1130 quam
1115 1053 1239 1130 ipsa
1266 1052 1522 1127 victoria,
1547 1053 1807 1131 volupta-

231 1149 351 1198 tem
388 1141 602 1200 attulit.
700 1141 782 1216 Is,
817 1162 878 1201 se
907 1149 1199 1219 praesente,
1234 1142 1306 1201 de
1339 1162 1400 1203 se
1440 1147 1530 1203 ter
1572 1143 1812 1202 sortibus

221 1232 543 1290 consultum
586 1231 831 1305 dicebat,-
868 1231 1059 1290 utrum
1101 1232 1222 1310 igni
1266 1234 1460 1293 statim
1499 1241 1809 1306 necaretur,

228 1341 302 1378 an
329 1321 389 1379 in
425 1321 579 1382 aliud
614 1329 836 1399 tempus
874 1330 1292 1394 reservaretur-3
1331 1324 1565 1383 sortium
1601 1323 1808 1383 benefi-

223 1411 314 1470 cio
341 1430 402 1470 se
437 1431 557 1471 esse
594 1412 950 1472 incolumem.
1028 1412 1179 1473 Item
1214 1413 1440 1474 Marcus
1478 1413 1713 1474 Mettius
1737 1415 1809 1473 ad

221 1521 350 1559 eum
376 1502 640 1562 reductus
664 1509 767 1563 est.

525 1657 875 1717 Lxxvm.
954 1661 1155 1735 Hujus
1191 1661 1322 1743 mci
1343 1662 1506 1737 fine.

304 1761 430 1821 Hoc
456 1762 657 1840 proelio
682 1770 841 1823 trans
876 1762 1141 1824 Rhenum
1178 1765 1462 1840 nunciato,
1492 1763 1682 1840 Saevi,
1710 1767 1805 1846 qui

226 1852 300 1911 ad
320 1853 472 1929 ripas
494 1852 679 1912 Rheni
699 1861 991 1928 venerant,
1017 1855 1246 1914 domum
1270 1857 1477 1916 reverti
1502 1864 1807 1936 coeperunt.

227 1942 363 2001 Ubii
397 1963 666 2020 magnum
704 1964 781 2003 ex
804 1944 894 2005 his
932 1965 1226 2006 numerum
1264 1946 1604 2007 occiderunt.
1686 1948 1808 2008 Oae-

226 2052 334 2106 sar,
380 2053 494 2091 una
531 2041 725 2094 aestate
763 2034 980 2094 duobus
1013 2036 1276 2096 maximis
1315 2037 1480 2097 bellis
1523 2038 1806 2110 confectis,

224 2124 500 2183 maturius
535 2125 725 2202 paulo,
752 2128 922 2203 quam
959 2132 1181 2204 tempus
1215 2127 1349 2186 anni
1382 2127 1723 2205 postulabat,
1748 2128 1805 2187 in

225 2214 458 2274 hiberna
493 2215 555 2272 in
586 2214 873 2294 Sequanos
906 2215 1218 2276 exercitum
1252 2217 1524 2288 deduxit3
1562 2217 1809 2278 hibernis

226 2303 533 2363 Labienum
567 2307 906 2384 praeposuit3
945 2307 1067 2384 ipse
1101 2307 1163 2368 in
1202 2305 1518 2368 citeriorem
1544 2308 1805 2381 Galliam,

224 2394 298 2453 ad
325 2395 636 2455 conventus
661 2397 923 2474 agendos,
949 2397 1233 2475 profectus
1256 2404 1361 2458 est.

523 2550 805 2611 LXXIX.
944 2554 1038 2618 De
1072 2553 1409 2613 Britannia.

303 2652 490 2713 Caesar
514 2654 575 2712 in
601 2654 955 2714 Britanniam
989 2655 1266 2734 proficisci
1284 2707 1287 2711 Α
1305 2658 1609 2733 contendit,
1638 2662 1805 2738 quod,

224 2743 481 2802 omnibus
518 2744 636 2804 fere
673 2745 905 2806 Gallicis
939 2746 1121 2821 bellis,
1148 2747 1401 2807 hostibus
1435 2748 1641 2808 nostris
1674 2750 1806 2810 inde

223 2832 646 2896 subministrata
689 2837 905 2895 auxilia
943 2837 1334 2915 intelligebat3
1381 2844 1457 2913 et,
1496 2839 1545 2898 si
1584 2845 1806 2919 tempus

225 2924 359 2982 anni
385 2924 459 2983 ad
485 2924 696 2984 bellum
730 2928 1038 3005 gerendum
1073 2928 1355 3003 deficeret,
1381 2936 1570 2991 tamen
1600 2952 1805 3009 magno

1523 3047 1562 3082 1>
