2175 3526
1005 298 1074 353 31

252 474 374 532 quae
415 463 600 510 castra
650 447 868 509 minora
919 460 1287 529 oppugnaret,
1341 453 1510 513 misit.
1618 457 1841 516 Acriter

253 542 513 620 utrinque
552 549 864 618 pugnatum
906 550 1008 601 est.
1091 542 1239 601 Solis
1266 563 1464 602 occasu
1490 565 1620 604 suas
1656 548 1845 626 copias

257 633 592 704 Ariovistus,
618 631 813 689 multis
838 639 898 691 et
933 632 1109 691 illatis
1135 640 1193 691 et
1219 635 1463 712 acceptis
1503 636 1843 707 vulneribus,

255 727 312 781 in
340 739 524 781 castra
549 723 793 781 reduxit.

490 877 784 938 LXXIII.
857 879 1266 939 Germanorum
1305 885 1652 943 consuetudo.

340 984 524 1054 Quum
552 1002 627 1041 ex
655 982 895 1059 captivis
922 993 1196 1061 quaereret
1224 984 1425 1059 Gaesar,
1453 1007 1621 1064 quam
1643 987 1713 1046 ob
1733 1007 1851 1046 rem

265 1074 581 1133 Ariovistus
620 1074 818 1149 proelio
857 1093 969 1132 non
1009 1075 1339 1148 decertaret,
1368 1077 1510 1135 hanc
1543 1077 1854 1155 reperiebat

262 1185 526 1235 causam3
569 1161 732 1233 Quod
771 1163 923 1241 apud
963 1164 1271 1224 Germanos
1309 1168 1650 1225 consuetudo
1689 1176 1853 1240 esset,

267 1263 329 1314 ut
355 1263 561 1313 matres
588 1254 834 1326 familiae,
862 1254 1105 1313 sortibus
1131 1262 1190 1313 et
1217 1257 1728 1330 vaticinationibus,
1756 1259 1855 1316 de-

248 1338 558 1418 “clararenss
601 1346 789 1404 utrum
832 1346 1095 1422 proelium
1134 1346 1410 1405 committi
1450 1366 1525 1405 ex
1551 1367 1654 1405 usu
1691 1357 1856 1420 esset,

270 1457 370 1497 nec
396 1456 506 1507 ne3
555 1456 649 1495 eas
669 1437 871 1509 dicere,
900 1441 937 1471 “
954 1434 1007 1493 N
1013 1456 1086 1494 on
1103 1455 1221 1495 esse
1247 1437 1333 1494 fas
1364 1436 1669 1496 Germanos
1694 1457 1857 1515 supe-

272 1542 288 1568 ‘
327 1548 468 1602 rare,
496 1529 542 1586 si
564 1536 695 1586 ante
722 1547 926 1585 novam
954 1527 1147 1586 lunam
1171 1528 1370 1606 proelio
1397 1520 1855 1587 contendissent.''

600 1681 877 1742 LXXIV.
957 1684 1237 1742 Proelium
1267 1695 1539 1759 paratur.

353 1789 626 1849 Postridie
653 1788 839 1847 Gaesar
863 1807 1054 1846 omnes
1089 1788 1294 1847 alarios
1320 1788 1378 1847 in
1406 1797 1707 1867 conspectu
1733 1789 1863 1848 hos-

277 1882 434 1954 tium,
460 1900 562 1957 pro
589 1878 786 1938 castris
810 1878 1135 1953 minoribus,
1161 1878 1452 1938 constituit
1500 1880 1649 1958 quod
1675 1879 1863 1937 minus

188 1959 195 1972 ⁸
277 1970 633 2030 multitudine
683 1969 928 2027 militum
968 1969 1417 2046 legionariorum,
1462 1991 1565 2047 pro
1617 1970 1864 2029 hostium

273 2078 523 2134 numero,
551 2060 793 2120 valebat.
875 2059 1025 2137 Ipse,
1053 2060 1265 2137 triplici
1304 2060 1579 2120 instructa
1603 2060 1741 2134 acie,
1770 2081 1863 2119 us-

278 2172 388 2232 que
412 2151 486 2211 acl
512 2158 696 2211 castra
724 2150 970 2209 hostium
1008 2150 1258 2209 accessit.
1341 2151 1486 2210 Tum
1512 2150 1738 2210 demum
1766 2171 1863 2210 ne-

278 2242 515 2304 cessario
543 2240 806 2302 Germani
834 2260 963 2299 suas
1000 2239 1189 2317 copias
1221 2241 1575 2312 eduxerunt3
1616 2261 1867 2300 omnem-

281 2354 389 2413 que
415 2334 593 2393 aciem
619 2332 805 2391 rhedis
831 2338 889 2390 et
914 2331 1087 2390 carris
1126 2330 1630 2404 circumdederunt,
1657 2351 1729 2391 ne
1758 2353 1870 2410 qua

282 2444 407 2502 spes
433 2424 493 2482 in
518 2423 656 2501 fuga
687 2421 1114 2500 relinqueretur.
1197 2422 1280 2480 Εό
1320 2421 1581 2481 mulieres
1621 2421 1868 2499 imposu-

283 2521 467 2588 erunt,
493 2532 618 2591 quae
643 2511 703 2571 in
716 2511 979 2589 proelium
1005 2511 1420 2588 proficiscentes
1443 2511 1669 2584 milites,
1689 2511 1869 2588 passis

285 2602 547 2678 crinibus,
575 2603 772 2663 flentes
810 2602 1206 2680 implorabant,
1234 2621 1305 2660 ne
1343 2621 1404 2661 se
1446 2601 1713 2660 Romanis
1754 2608 1869 2659 tra-

289 2693 501 2754 derent.

784 2846 1028 2908 LXXV.
1109 2848 1405 2907 Proelium.

371 2950 555 3012 onem
578 2959 583 2970 ’·
605 2951 843 3027 singulis
893 2950 1206 3028 legionibus
1256 2949 1506 3027 singulos
1558 2950 1774 3027 legatos
1816 2954 1877 3009 et
