<?xml version="1.0" encoding="UTF-8"?>
<!DOCTYPE html PUBLIC "-//W3C//DTD XHTML 1.0 Transitional//EN"
    "http://www.w3.org/TR/xhtml1/DTD/xhtml1-transitional.dtd">
<html xmlns="http://www.w3.org/1999/xhtml" xml:lang="en" lang="en">
 <head>
  <title>
</title>
<meta http-equiv="Content-Type" content="text/html;charset=utf-8" />
  <meta name='ocr-system' content='tesseract 3.04.00' />
  <meta name='ocr-capabilities' content='ocr_page ocr_carea ocr_par ocr_line ocrx_word'/>
</head>
<body>
  <div class='ocr_page' id='page_1' title='image "./anepitomepartcs00caesgoog_0078.png"; bbox 0 0 2175 3526; ppageno 0'>
   <div class='ocr_carea' id='block_1_1' title="bbox 1155 349 1232 405">
    <p class='ocr_par' dir='ltr' id='par_1_1' title="bbox 1155 349 1232 405">
     <span class='ocr_line' id='line_1_1' title="bbox 1155 349 1232 405; baseline 0.013 -1"><span class='ocrx_word' id='word_1_1' title='bbox 1155 349 1232 405; x_wconf 85' lang='lat'><strong>20</strong></span> 
     </span>
    </p>
   </div>
   <div class='ocr_carea' id='block_1_2' title="bbox 406 491 1994 1571">
    <p class='ocr_par' dir='ltr' id='par_1_2' title="bbox 406 491 1994 1571">
     <span class='ocr_line' id='line_1_2' title="bbox 412 491 1994 582; baseline -0.004 -18"><span class='ocrx_word' id='word_1_2' title='bbox 412 513 431 543; x_wconf 87' lang='lat'>‘</span> <span class='ocrx_word' id='word_1_3' title='bbox 469 491 791 576; x_wconf 66' lang='lat' dir='ltr'><strong>adductum,</strong></span> <span class='ocrx_word' id='word_1_4' title='bbox 821 503 1170 561; x_wconf 85' lang='lat' dir='ltr'><strong>Ariovistum</strong></span> <span class='ocrx_word' id='word_1_5' title='bbox 1198 502 1364 561; x_wconf 86' lang='lat' dir='ltr'><strong>finem</strong></span> <span class='ocrx_word' id='word_1_6' title='bbox 1399 503 1616 582; x_wconf 81' lang='lat' dir='ltr'><strong>injuriis</strong></span> <span class='ocrx_word' id='word_1_7' title='bbox 1661 504 1994 563; x_wconf 84' lang='lat' dir='ltr'><strong>facturmn.”</strong></span> 
     </span>
     <span class='ocr_line' id='line_1_3' title="bbox 409 593 1987 671; baseline -0.001 -15"><span class='ocrx_word' id='word_1_8' title='bbox 409 597 603 656; x_wconf 81' lang='lat' dir='ltr'><strong>Multae</strong></span> <span class='ocrx_word' id='word_1_9' title='bbox 630 615 717 667; x_wconf 76' lang='lat' dir='ltr'><strong>res</strong></span> <span class='ocrx_word' id='word_1_10' title='bbox 744 613 871 653; x_wconf 91' lang='lat' dir='ltr'><strong>eum</strong></span> <span class='ocrx_word' id='word_1_11' title='bbox 909 593 1293 666; x_wconf 79' lang='lat' dir='ltr'>hortabantur,</span> <span class='ocrx_word' id='word_1_12' title='bbox 1322 614 1493 670; x_wconf 87' lang='lat' dir='ltr'><strong>quare</strong></span> <span class='ocrx_word' id='word_1_13' title='bbox 1524 614 1648 653; x_wconf 86' lang='lat' dir='ltr'><strong>eam</strong></span> <span class='ocrx_word' id='word_1_14' title='bbox 1683 614 1802 653; x_wconf 88' lang='lat' dir='ltr'><strong>rem</strong></span> <span class='ocrx_word' id='word_1_15' title='bbox 1835 596 1987 671; x_wconf 84' lang='lat' dir='ltr'><strong>cogi-</strong></span> 
     </span>
     <span class='ocr_line' id='line_1_4' title="bbox 407 684 1986 762; baseline -0.001 -18"><span class='ocrx_word' id='word_1_16' title='bbox 407 686 631 745; x_wconf 84' lang='lat' dir='ltr'><strong>tandam</strong></span> <span class='ocrx_word' id='word_1_17' title='bbox 659 693 717 743; x_wconf 88' lang='lat' dir='ltr'><strong>et</strong></span> <span class='ocrx_word' id='word_1_18' title='bbox 750 684 1158 759; x_wconf 78' lang='lat' dir='ltr'><strong>suscipiendam</strong></span> <span class='ocrx_word' id='word_1_19' title='bbox 1197 691 1461 759; x_wconf 81' lang='lat' dir='ltr'><strong>putaret3</strong></span> <span class='ocrx_word' id='word_1_20' title='bbox 1510 685 1802 761; x_wconf 90' lang='lat' dir='ltr'><strong>imprimis,</strong></span> <span class='ocrx_word' id='word_1_21' title='bbox 1838 686 1986 762; x_wconf 71' lang='lat' dir='ltr'><strong>quod</strong></span> 
     </span>
     <span class='ocr_line' id='line_1_5' title="bbox 411 773 1987 852; baseline -0.001 -19"><span class='ocrx_word' id='word_1_22' title='bbox 411 775 639 847; x_wconf 85' lang='lat' dir='ltr'><strong>AEduos‚</strong></span> <span class='ocrx_word' id='word_1_23' title='bbox 678 773 878 831; x_wconf 84' lang='lat' dir='ltr'><strong>fratres</strong></span> <span class='ocrx_word' id='word_1_24' title='bbox 917 792 1293 849; x_wconf 86' lang='lat' dir='ltr'><strong>saepenumero</strong></span> <span class='ocrx_word' id='word_1_25' title='bbox 1336 794 1373 831; x_wconf 86' lang='lat' dir='ltr'><strong>a</strong></span> <span class='ocrx_word' id='word_1_26' title='bbox 1411 782 1609 833; x_wconf 86' lang='lat' dir='ltr'><strong>senatu</strong></span> <span class='ocrx_word' id='word_1_27' title='bbox 1657 775 1987 852; x_wconf 74' lang='lat' dir='ltr'><strong>appellatoS,</strong></span> 
     </span>
     <span class='ocr_line' id='line_1_6' title="bbox 407 854 1984 943; baseline 0.001 -21"><span class='ocrx_word' id='word_1_28' title='bbox 407 866 463 922; x_wconf 88' lang='lat' dir='ltr'><strong>in</strong></span> <span class='ocrx_word' id='word_1_29' title='bbox 507 864 777 926; x_wconf 75' lang='lat' dir='ltr'><strong>servitute</strong></span> <span class='ocrx_word' id='word_1_30' title='bbox 817 863 1046 921; x_wconf 80' lang='lat' dir='ltr'><strong>videbat</strong></span> <span class='ocrx_word' id='word_1_31' title='bbox 1094 863 1495 922; x_wconf 82' lang='lat' dir='ltr'><strong>Germanorum</strong></span> <span class='ocrx_word' id='word_1_32' title='bbox 1538 854 1716 923; x_wconf 83' lang='lat' dir='ltr'><strong>teneri</strong></span> <span class='ocrx_word' id='word_1_33' title='bbox 1743 886 1761 934; x_wconf 89' lang='lat'>;</span> <span class='ocrx_word' id='word_1_34' title='bbox 1815 865 1984 943; x_wconf 85' lang='lat' dir='ltr'><strong>quod,</strong></span> 
     </span>
     <span class='ocr_line' id='line_1_7' title="bbox 406 951 1987 1028; baseline -0.001 -17"><span class='ocrx_word' id='word_1_35' title='bbox 406 955 463 1011; x_wconf 89' lang='lat' dir='ltr'><strong>in</strong></span> <span class='ocrx_word' id='word_1_36' title='bbox 489 961 647 1012; x_wconf 87' lang='lat' dir='ltr'><strong>tauto</strong></span> <span class='ocrx_word' id='word_1_37' title='bbox 681 952 914 1028; x_wconf 89' lang='lat' dir='ltr'><strong>imperio</strong></span> <span class='ocrx_word' id='word_1_38' title='bbox 945 952 1145 1028; x_wconf 88' lang='lat' dir='ltr'>Populi</span> <span class='ocrx_word' id='word_1_39' title='bbox 1174 951 1431 1024; x_wconf 85' lang='lat' dir='ltr'><strong>Romani,</strong></span> <span class='ocrx_word' id='word_1_40' title='bbox 1462 953 1844 1028; x_wconf 88' lang='lat' dir='ltr'><strong>turpissimum</strong></span> <span class='ocrx_word' id='word_1_41' title='bbox 1881 952 1987 1010; x_wconf 84' lang='lat' dir='ltr'><strong>sibi</strong></span> 
     </span>
     <span class='ocr_line' id='line_1_8' title="bbox 406 1041 1988 1119; baseline -0.002 -15"><span class='ocrx_word' id='word_1_42' title='bbox 406 1055 464 1104; x_wconf 88' lang='lat' dir='ltr'><strong>et</strong></span> <span class='ocrx_word' id='word_1_43' title='bbox 484 1042 804 1119; x_wconf 75' lang='lat' dir='ltr'><strong>reipublicae</strong></span> <span class='ocrx_word' id='word_1_44' title='bbox 840 1061 959 1101; x_wconf 83' lang='lat' dir='ltr'><strong>esse</strong></span> <span class='ocrx_word' id='word_1_45' title='bbox 998 1042 1389 1100; x_wconf 79' lang='lat' dir='ltr'><strong>arbitrabatur.</strong></span> <span class='ocrx_word' id='word_1_46' title='bbox 1479 1041 1785 1101; x_wconf 82' lang='lat' dir='ltr'><strong>Germanos</strong></span> <span class='ocrx_word' id='word_1_47' title='bbox 1831 1041 1988 1101; x_wconf 85' lang='lat' dir='ltr'><strong>Rhe-</strong></span> 
     </span>
     <span class='ocr_line' id='line_1_9' title="bbox 407 1131 1990 1209; baseline -0.003 -17"><span class='ocrx_word' id='word_1_48' title='bbox 407 1154 539 1192; x_wconf 87' lang='lat' dir='ltr'><strong>num</strong></span> <span class='ocrx_word' id='word_1_49' title='bbox 557 1133 794 1191; x_wconf 88' lang='lat' dir='ltr'><strong>transire</strong></span> <span class='ocrx_word' id='word_1_50' title='bbox 827 1131 1203 1207; x_wconf 86' lang='lat' dir='ltr'><strong>periculosum</strong></span> <span class='ocrx_word' id='word_1_51' title='bbox 1223 1131 1486 1202; x_wconf 84' lang='lat' dir='ltr'><strong>videbat3</strong></span> <span class='ocrx_word' id='word_1_52' title='bbox 1514 1150 1695 1209; x_wconf 89' lang='lat' dir='ltr'><strong>neque</strong></span> <span class='ocrx_word' id='word_1_53' title='bbox 1715 1131 1821 1189; x_wconf 83' lang='lat' dir='ltr'><strong>sibi</strong></span> <span class='ocrx_word' id='word_1_54' title='bbox 1846 1139 1990 1190; x_wconf 84' lang='lat' dir='ltr'><strong>tem-</strong></span> 
     </span>
     <span class='ocr_line' id='line_1_10' title="bbox 406 1222 1988 1301; baseline -0.002 -19"><span class='ocrx_word' id='word_1_55' title='bbox 406 1232 692 1301; x_wconf 80' lang='lat' dir='ltr'><strong>peraturos</strong></span> <span class='ocrx_word' id='word_1_56' title='bbox 725 1222 1102 1294; x_wconf 80' lang='lat' dir='ltr'><strong>existimabat,</strong></span> <span class='ocrx_word' id='word_1_57' title='bbox 1146 1223 1304 1300; x_wconf 90' lang='lat' dir='ltr'><strong>quin,</strong></span> <span class='ocrx_word' id='word_1_58' title='bbox 1332 1231 1395 1280; x_wconf 91' lang='lat' dir='ltr'><strong>ut</strong></span> <span class='ocrx_word' id='word_1_59' title='bbox 1428 1225 1561 1281; x_wconf 72' lang='lat' dir='ltr'><strong>ante</strong></span> <span class='ocrx_word' id='word_1_60' title='bbox 1601 1222 1812 1281; x_wconf 84' lang='lat' dir='ltr'><strong>Cimbri</strong></span> <span class='ocrx_word' id='word_1_61' title='bbox 1840 1222 1988 1280; x_wconf 80' lang='lat' dir='ltr'><strong>Ten-</strong></span> 
     </span>
     <span class='ocr_line' id='line_1_11' title="bbox 407 1311 1987 1391; baseline -0.003 -19"><span class='ocrx_word' id='word_1_62' title='bbox 407 1315 632 1391; x_wconf 85' lang='lat' dir='ltr'><strong>tonique</strong></span> <span class='ocrx_word' id='word_1_63' title='bbox 675 1312 952 1384; x_wconf 82' lang='lat' dir='ltr'><strong>fecissent,</strong></span> <span class='ocrx_word' id='word_1_64' title='bbox 1001 1311 1059 1368; x_wconf 89' lang='lat' dir='ltr'><strong>in</strong></span> <span class='ocrx_word' id='word_1_65' title='bbox 1106 1312 1471 1387; x_wconf 88' lang='lat' dir='ltr'><strong>provinciam,</strong></span> <span class='ocrx_word' id='word_1_66' title='bbox 1528 1319 1699 1389; x_wconf 87' lang='lat' dir='ltr'><strong>atque</strong></span> <span class='ocrx_word' id='word_1_67' title='bbox 1747 1311 1878 1370; x_wconf 91' lang='lat' dir='ltr'><strong>inde</strong></span> <span class='ocrx_word' id='word_1_68' title='bbox 1928 1311 1987 1368; x_wconf 91' lang='lat' dir='ltr'><strong>in</strong></span> 
     </span>
     <span class='ocr_line' id='line_1_12' title="bbox 409 1398 1977 1480; baseline -0.003 -17"><span class='ocrx_word' id='word_1_69' title='bbox 409 1398 651 1478; x_wconf 74' lang='lat' dir='ltr'><strong>ltaliam,</strong></span> <span class='ocrx_word' id='word_1_70' title='bbox 691 1403 1091 1462; x_wconf 79' lang='lat' dir='ltr'><strong>contenderent</strong></span> <span class='ocrx_word' id='word_1_71' title='bbox 1118 1425 1136 1472; x_wconf 91' lang='lat'>;</span> <span class='ocrx_word' id='word_1_72' title='bbox 1192 1403 1393 1480; x_wconf 89' lang='lat' dir='ltr'><strong>quibus</strong></span> <span class='ocrx_word' id='word_1_73' title='bbox 1433 1403 1598 1462; x_wconf 87' lang='lat' dir='ltr'><strong>rebus</strong></span> <span class='ocrx_word' id='word_1_74' title='bbox 1652 1405 1820 1480; x_wconf 69' lang='lat' dir='ltr'><strong>quam</strong></span> <span class='ocrx_word' id='word_1_75' title='bbox 1865 1422 1977 1459; x_wconf 87' lang='lat' dir='ltr'><strong>ma-</strong></span> 
     </span>
     <span class='ocr_line' id='line_1_13' title="bbox 408 1494 1351 1571; baseline -0.004 -16"><span class='ocrx_word' id='word_1_76' title='bbox 408 1497 640 1555; x_wconf 83' lang='lat' dir='ltr'><strong>turrime</strong></span> <span class='ocrx_word' id='word_1_77' title='bbox 666 1494 1064 1554; x_wconf 88' lang='lat' dir='ltr'><strong>occurrendum</strong></span> <span class='ocrx_word' id='word_1_78' title='bbox 1098 1494 1351 1571; x_wconf 87' lang='lat' dir='ltr'><strong>putabat.</strong></span> 
     </span>
    </p>
   </div>
   <div class='ocr_carea' id='block_1_3' title="bbox 748 1648 1610 1724">
    <p class='ocr_par' dir='ltr' id='par_1_3' title="bbox 748 1648 1610 1724">
     <span class='ocr_line' id='line_1_14' title="bbox 748 1648 1610 1724; baseline -0.002 -16"><span class='ocrx_word' id='word_1_79' title='bbox 748 1648 844 1708; x_wconf 79' lang='lat' dir='ltr'><strong>LI.</strong></span> <span class='ocrx_word' id='word_1_80' title='bbox 971 1650 1165 1710; x_wconf 79' lang='lat' dir='ltr'><strong>Coesar</strong></span> <span class='ocrx_word' id='word_1_81' title='bbox 1192 1650 1395 1724; x_wconf 72' lang='lat' dir='ltr'><strong>leqatos</strong></span> <span class='ocrx_word' id='word_1_82' title='bbox 1419 1649 1610 1707; x_wconf 75' lang='lat' dir='ltr'><strong>mittit.</strong></span> 
     </span>
    </p>
   </div>
   <div class='ocr_carea' id='block_1_4' title="bbox 406 1751 1986 2642">
    <p class='ocr_par' dir='ltr' id='par_1_4' title="bbox 406 1751 1986 2642">
     <span class='ocr_line' id='line_1_15' title="bbox 480 1751 1983 1830; baseline -0.003 -17"><span class='ocrx_word' id='word_1_83' title='bbox 480 1753 849 1826; x_wconf 84' lang='lat' dir='ltr'><strong>Quamobrem</strong></span> <span class='ocrx_word' id='word_1_84' title='bbox 875 1751 1087 1830; x_wconf 78' lang='lat' dir='ltr'><strong>placuit</strong></span> <span class='ocrx_word' id='word_1_85' title='bbox 1115 1752 1184 1825; x_wconf 88' lang='lat' dir='ltr'><strong>ei,</strong></span> <span class='ocrx_word' id='word_1_86' title='bbox 1218 1758 1281 1810; x_wconf 88' lang='lat' dir='ltr'><strong>ut</strong></span> <span class='ocrx_word' id='word_1_87' title='bbox 1314 1751 1388 1810; x_wconf 87' lang='lat' dir='ltr'><strong>ad</strong></span> <span class='ocrx_word' id='word_1_88' title='bbox 1429 1751 1777 1811; x_wconf 86' lang='lat' dir='ltr'><strong>Ariovistum</strong></span> <span class='ocrx_word' id='word_1_89' title='bbox 1830 1752 1983 1827; x_wconf 81' lang='lat' dir='ltr'><strong>lega-</strong></span> 
     </span>
     <span class='ocr_line' id='line_1_16' title="bbox 411 1841 1984 1922; baseline -0.003 -18"><span class='ocrx_word' id='word_1_90' title='bbox 411 1854 497 1904; x_wconf 84' lang='lat' dir='ltr'><strong>tos</strong></span> <span class='ocrx_word' id='word_1_91' title='bbox 535 1845 801 1917; x_wconf 85' lang='lat' dir='ltr'><strong>mitteret,</strong></span> <span class='ocrx_word' id='word_1_92' title='bbox 846 1845 942 1922; x_wconf 92' lang='lat' dir='ltr'><strong>qui</strong></span> <span class='ocrx_word' id='word_1_93' title='bbox 982 1843 1052 1901; x_wconf 95' lang='lat' dir='ltr'><strong>ab</strong></span> <span class='ocrx_word' id='word_1_94' title='bbox 1092 1863 1157 1901; x_wconf 89' lang='lat' dir='ltr'><strong>eo</strong></span> <span class='ocrx_word' id='word_1_95' title='bbox 1192 1843 1559 1919; x_wconf 82' lang='lat' dir='ltr'><strong>postularent,</strong></span> <span class='ocrx_word' id='word_1_96' title='bbox 1608 1841 1693 1899; x_wconf 80' lang='lat' dir='ltr'><strong>uti</strong></span> <span class='ocrx_word' id='word_1_97' title='bbox 1740 1842 1984 1920; x_wconf 82' lang='lat' dir='ltr'><strong>aliquem</strong></span> 
     </span>
     <span class='ocr_line' id='line_1_17' title="bbox 409 1932 1986 2012; baseline -0.002 -18"><span class='ocrx_word' id='word_1_98' title='bbox 409 1938 593 1996; x_wconf 89' lang='lat' dir='ltr'><strong>locum</strong></span> <span class='ocrx_word' id='word_1_99' title='bbox 608 1935 852 1994; x_wconf 88' lang='lat' dir='ltr'><strong>medium</strong></span> <span class='ocrx_word' id='word_1_100' title='bbox 872 1934 1153 2012; x_wconf 82' lang='lat' dir='ltr'><strong>colloquio</strong></span> <span class='ocrx_word' id='word_1_101' title='bbox 1176 1934 1386 1993; x_wconf 85' lang='lat' dir='ltr'><strong>diceret</strong></span> <span class='ocrx_word' id='word_1_102' title='bbox 1401 1955 1419 2003; x_wconf 82' lang='lat'>3</span> <span class='ocrx_word' id='word_1_103' title='bbox 1444 1939 1479 1968; x_wconf 87' lang='lat'><strong>“</strong></span> <span class='ocrx_word' id='word_1_104' title='bbox 1490 1932 1652 1991; x_wconf 89' lang='lat' dir='ltr'><strong>Velle</strong></span> <span class='ocrx_word' id='word_1_105' title='bbox 1668 1951 1786 1991; x_wconf 80' lang='lat' dir='ltr'><strong>sese</strong></span> <span class='ocrx_word' id='word_1_106' title='bbox 1812 1932 1882 1991; x_wconf 86' lang='lat' dir='ltr'><strong>cle</strong></span> <span class='ocrx_word' id='word_1_107' title='bbox 1897 1952 1986 1991; x_wconf 89' lang='lat' dir='ltr'><strong>re-</strong></span> 
     </span>
     <span class='ocr_line' id='line_1_18' title="bbox 409 2023 1984 2102; baseline -0.001 -18"><span class='ocrx_word' id='word_1_108' title='bbox 409 2033 425 2062; x_wconf 89' lang='lat'>‘</span> <span class='ocrx_word' id='word_1_109' title='bbox 463 2026 689 2102; x_wconf 89' lang='lat' dir='ltr'><strong>publica</strong></span> <span class='ocrx_word' id='word_1_110' title='bbox 707 2034 765 2084; x_wconf 92' lang='lat' dir='ltr'><strong>et</strong></span> <span class='ocrx_word' id='word_1_111' title='bbox 783 2023 1015 2083; x_wconf 85' lang='lat' dir='ltr'><strong>summis</strong></span> <span class='ocrx_word' id='word_1_112' title='bbox 1043 2023 1333 2102; x_wconf 85' lang='lat' dir='ltr'><strong>utriusque</strong></span> <span class='ocrx_word' id='word_1_113' title='bbox 1353 2023 1517 2082; x_wconf 88' lang='lat' dir='ltr'><strong>rebus</strong></span> <span class='ocrx_word' id='word_1_114' title='bbox 1537 2042 1664 2081; x_wconf 88' lang='lat' dir='ltr'><strong>cum</strong></span> <span class='ocrx_word' id='word_1_115' title='bbox 1679 2042 1745 2082; x_wconf 90' lang='lat' dir='ltr'><strong>eo</strong></span> <span class='ocrx_word' id='word_1_116' title='bbox 1771 2023 1984 2099; x_wconf 60' lang='lat' dir='ltr'><strong>agere?</strong></span> 
     </span>
     <span class='ocr_line' id='line_1_19' title="bbox 407 2112 1984 2193; baseline -0.001 -19"><span class='ocrx_word' id='word_1_117' title='bbox 407 2116 477 2174; x_wconf 84' lang='lat' dir='ltr'><strong>Ei</strong></span> <span class='ocrx_word' id='word_1_118' title='bbox 502 2115 768 2193; x_wconf 84' lang='lat' dir='ltr'><strong>legationi</strong></span> <span class='ocrx_word' id='word_1_119' title='bbox 798 2114 1116 2173; x_wconf 85' lang='lat' dir='ltr'><strong>Ariovistus</strong></span> <span class='ocrx_word' id='word_1_120' title='bbox 1149 2112 1469 2189; x_wconf 84' lang='lat' dir='ltr'><strong>respondit;</strong></span> <span class='ocrx_word' id='word_1_121' title='bbox 1509 2118 1545 2147; x_wconf 78' lang='lat'><strong>‘⁶</strong></span> <span class='ocrx_word' id='word_1_122' title='bbox 1568 2112 1627 2170; x_wconf 87' lang='lat' dir='ltr'><strong>Si</strong></span> <span class='ocrx_word' id='word_1_123' title='bbox 1656 2112 1792 2190; x_wconf 89' lang='lat' dir='ltr'><strong>quid</strong></span> <span class='ocrx_word' id='word_1_124' title='bbox 1818 2112 1925 2188; x_wconf 87' lang='lat' dir='ltr'><strong>ipsi</strong></span> <span class='ocrx_word' id='word_1_125' title='bbox 1949 2132 1984 2172; x_wconf 81' lang='lat' dir='ltr'><strong>a</strong></span> 
     </span>
     <span class='ocr_line' id='line_1_20' title="bbox 406 2201 1983 2281; baseline -0.003 -15"><span class='ocrx_word' id='word_1_126' title='bbox 406 2213 424 2242; x_wconf 90' lang='lat'>‘</span> <span class='ocrx_word' id='word_1_127' title='bbox 463 2206 678 2266; x_wconf 83' lang='lat' dir='ltr'><strong>Oaesare</strong></span> <span class='ocrx_word' id='word_1_128' title='bbox 704 2224 844 2281; x_wconf 89' lang='lat' dir='ltr'><strong>opus</strong></span> <span class='ocrx_word' id='word_1_129' title='bbox 870 2211 1032 2276; x_wconf 84' lang='lat' dir='ltr'><strong>esset,</strong></span> <span class='ocrx_word' id='word_1_130' title='bbox 1059 2224 1179 2262; x_wconf 84' lang='lat' dir='ltr'><strong>sese</strong></span> <span class='ocrx_word' id='word_1_131' title='bbox 1200 2204 1274 2261; x_wconf 85' lang='lat' dir='ltr'><strong>ad</strong></span> <span class='ocrx_word' id='word_1_132' title='bbox 1299 2223 1427 2262; x_wconf 88' lang='lat' dir='ltr'><strong>eum</strong></span> <span class='ocrx_word' id='word_1_133' title='bbox 1448 2212 1746 2262; x_wconf 86' lang='lat' dir='ltr'><strong>venturum</strong></span> <span class='ocrx_word' id='word_1_134' title='bbox 1775 2201 1983 2273; x_wconf 73' lang='lat' dir='ltr'><strong>fuisse3</strong></span> 
     </span>
     <span class='ocr_line' id='line_1_21' title="bbox 409 2292 1984 2374; baseline -0.004 -19"><span class='ocrx_word' id='word_1_135' title='bbox 409 2305 428 2334; x_wconf 89' lang='lat'>‘</span> <span class='ocrx_word' id='word_1_136' title='bbox 464 2298 509 2355; x_wconf 88' lang='lat' dir='ltr'><strong>si</strong></span> <span class='ocrx_word' id='word_1_137' title='bbox 548 2295 684 2374; x_wconf 89' lang='lat' dir='ltr'><strong>quid</strong></span> <span class='ocrx_word' id='word_1_138' title='bbox 724 2295 820 2353; x_wconf 88' lang='lat' dir='ltr'><strong>ille</strong></span> <span class='ocrx_word' id='word_1_139' title='bbox 846 2315 882 2352; x_wconf 96' lang='lat' dir='ltr'><strong>a</strong></span> <span class='ocrx_word' id='word_1_140' title='bbox 907 2313 966 2352; x_wconf 88' lang='lat' dir='ltr'><strong>se</strong></span> <span class='ocrx_word' id='word_1_141' title='bbox 1005 2293 1163 2364; x_wconf 84' lang='lat' dir='ltr'><strong>velit,</strong></span> <span class='ocrx_word' id='word_1_142' title='bbox 1192 2293 1353 2351; x_wconf 89' lang='lat' dir='ltr'><strong>illum</strong></span> <span class='ocrx_word' id='word_1_143' title='bbox 1392 2292 1464 2350; x_wconf 86' lang='lat' dir='ltr'><strong>ad</strong></span> <span class='ocrx_word' id='word_1_144' title='bbox 1489 2312 1549 2351; x_wconf 86' lang='lat' dir='ltr'><strong>se</strong></span> <span class='ocrx_word' id='word_1_145' title='bbox 1597 2292 1785 2350; x_wconf 87' lang='lat' dir='ltr'><strong>venire</strong></span> <span class='ocrx_word' id='word_1_146' title='bbox 1821 2311 1984 2368; x_wconf 89' lang='lat' dir='ltr'><strong>opor-</strong></span> 
     </span>
     <span class='ocr_line' id='line_1_22' title="bbox 416 2381 1983 2460; baseline -0.004 -16"><span class='ocrx_word' id='word_1_147' title='bbox 416 2397 430 2420; x_wconf 79' lang='lat'>⁵</span> <span class='ocrx_word' id='word_1_148' title='bbox 469 2394 585 2444; x_wconf 86' lang='lat' dir='ltr'><strong>tere</strong></span> <span class='ocrx_word' id='word_1_149' title='bbox 605 2405 624 2455; x_wconf 79' lang='lat'><em>3</em></span> <span class='ocrx_word' id='word_1_150' title='bbox 683 2384 790 2442; x_wconf 82' lang='lat' dir='ltr'><strong>sibi</strong></span> <span class='ocrx_word' id='word_1_151' title='bbox 835 2390 1025 2442; x_wconf 89' lang='lat' dir='ltr'><strong>autem</strong></span> <span class='ocrx_word' id='word_1_152' title='bbox 1076 2383 1282 2439; x_wconf 91' lang='lat' dir='ltr'><strong>mirum</strong></span> <span class='ocrx_word' id='word_1_153' title='bbox 1336 2381 1534 2454; x_wconf 79' lang='lat' dir='ltr'><strong>videri,</strong></span> <span class='ocrx_word' id='word_1_154' title='bbox 1586 2381 1721 2460; x_wconf 90' lang='lat' dir='ltr'><strong>quid</strong></span> <span class='ocrx_word' id='word_1_155' title='bbox 1774 2381 1833 2438; x_wconf 90' lang='lat' dir='ltr'><strong>in</strong></span> <span class='ocrx_word' id='word_1_156' title='bbox 1884 2400 1983 2439; x_wconf 84' lang='lat' dir='ltr'><strong>sua</strong></span> 
     </span>
     <span class='ocr_line' id='line_1_23' title="bbox 408 2472 1983 2552; baseline -0.004 -16"><span class='ocrx_word' id='word_1_157' title='bbox 408 2484 425 2512; x_wconf 74' lang='lat'><strong><em>⁶</em></strong></span> <span class='ocrx_word' id='word_1_158' title='bbox 466 2475 669 2548; x_wconf 80' lang='lat' dir='ltr'><strong>Gallia,</strong></span> <span class='ocrx_word' id='word_1_159' title='bbox 698 2493 866 2552; x_wconf 87' lang='lat' dir='ltr'><strong>quam</strong></span> <span class='ocrx_word' id='word_1_160' title='bbox 892 2473 1040 2531; x_wconf 90' lang='lat' dir='ltr'><strong>bello</strong></span> <span class='ocrx_word' id='word_1_161' title='bbox 1079 2472 1323 2545; x_wconf 83' lang='lat' dir='ltr'><strong>vicisset,</strong></span> <span class='ocrx_word' id='word_1_162' title='bbox 1351 2481 1451 2531; x_wconf 86' lang='lat' dir='ltr'><strong>aut</strong></span> <span class='ocrx_word' id='word_1_163' title='bbox 1485 2472 1707 2546; x_wconf 81' lang='lat' dir='ltr'><strong>Caesari,</strong></span> <span class='ocrx_word' id='word_1_164' title='bbox 1734 2479 1834 2530; x_wconf 87' lang='lat' dir='ltr'><strong>aut</strong></span> <span class='ocrx_word' id='word_1_165' title='bbox 1866 2491 1983 2529; x_wconf 86' lang='lat' dir='ltr'><strong>om·</strong></span> 
     </span>
     <span class='ocr_line' id='line_1_24' title="bbox 408 2562 1599 2642; baseline -0.004 -17"><span class='ocrx_word' id='word_1_166' title='bbox 408 2573 426 2603; x_wconf 91' lang='lat'>‘</span> <span class='ocrx_word' id='word_1_167' title='bbox 463 2567 597 2625; x_wconf 90' lang='lat' dir='ltr'><strong>nino</strong></span> <span class='ocrx_word' id='word_1_168' title='bbox 629 2564 841 2642; x_wconf 91' lang='lat' dir='ltr'><strong>Populo</strong></span> <span class='ocrx_word' id='word_1_169' title='bbox 870 2564 1141 2635; x_wconf 83' lang='lat' dir='ltr'><strong>Romane,</strong></span> <span class='ocrx_word' id='word_1_170' title='bbox 1169 2563 1380 2640; x_wconf 87' lang='lat' dir='ltr'><strong>negotii</strong></span> <span class='ocrx_word' id='word_1_171' title='bbox 1407 2562 1599 2621; x_wconf 84' lang='lat' dir='ltr'><strong>esset.&#39;&#39;</strong></span> 
     </span>
    </p>
   </div>
   <div class='ocr_carea' id='block_1_5' title="bbox 410 2717 1981 3080">
    <p class='ocr_par' dir='ltr' id='par_1_5' title="bbox 410 2717 1981 3080">
     <span class='ocr_line' id='line_1_25' title="bbox 743 2717 1642 2794; baseline -0.002 -17"><span class='ocrx_word' id='word_1_172' title='bbox 743 2717 881 2778; x_wconf 87' lang='lat' dir='ltr'><strong>LII.</strong></span> <span class='ocrx_word' id='word_1_173' title='bbox 961 2720 1182 2777; x_wconf 78' lang='lat' dir='ltr'><strong>Iterum</strong></span> <span class='ocrx_word' id='word_1_174' title='bbox 1220 2719 1424 2794; x_wconf 73' lang='lat' dir='ltr'><strong>leqacos</strong></span> <span class='ocrx_word' id='word_1_175' title='bbox 1452 2717 1642 2776; x_wconf 76' lang='lat' dir='ltr'><strong>mittit.</strong></span> 
     </span>
     <span class='ocr_line' id='line_1_26' title="bbox 485 2818 1981 2899; baseline -0.003 -18"><span class='ocrx_word' id='word_1_176' title='bbox 485 2822 595 2881; x_wconf 87' lang='lat' dir='ltr'><strong>His</strong></span> <span class='ocrx_word' id='word_1_177' title='bbox 619 2821 896 2899; x_wconf 75' lang='lat' dir='ltr'><strong>responsis</strong></span> <span class='ocrx_word' id='word_1_178' title='bbox 927 2821 1003 2879; x_wconf 82' lang='lat' dir='ltr'><strong>ad</strong></span> <span class='ocrx_word' id='word_1_179' title='bbox 1042 2820 1317 2880; x_wconf 81' lang='lat' dir='ltr'><strong>Gaesarem</strong></span> <span class='ocrx_word' id='word_1_180' title='bbox 1354 2820 1565 2891; x_wconf 86' lang='lat' dir='ltr'><strong>relatis,</strong></span> <span class='ocrx_word' id='word_1_181' title='bbox 1594 2818 1798 2877; x_wconf 89' lang='lat' dir='ltr'><strong>iterum</strong></span> <span class='ocrx_word' id='word_1_182' title='bbox 1831 2818 1981 2895; x_wconf 72' lang='lat' dir='ltr'><strong>lega-</strong></span> 
     </span>
     <span class='ocr_line' id='line_1_27' title="bbox 410 2908 1977 2989; baseline -0.004 -15"><span class='ocrx_word' id='word_1_183' title='bbox 410 2927 513 2989; x_wconf 86' lang='lat' dir='ltr'><strong>tos,</strong></span> <span class='ocrx_word' id='word_1_184' title='bbox 550 2934 679 2974; x_wconf 88' lang='lat' dir='ltr'><strong>cum</strong></span> <span class='ocrx_word' id='word_1_185' title='bbox 717 2914 805 2973; x_wconf 85' lang='lat' dir='ltr'><strong>his</strong></span> <span class='ocrx_word' id='word_1_186' title='bbox 841 2912 1139 2986; x_wconf 86' lang='lat' dir='ltr'><strong>mandatis,</strong></span> <span class='ocrx_word' id='word_1_187' title='bbox 1176 2912 1392 2982; x_wconf 85' lang='lat' dir='ltr'><strong>mittit;</strong></span> <span class='ocrx_word' id='word_1_188' title='bbox 1440 2918 1476 2947; x_wconf 72' lang='lat'><strong>‘⁴</strong></span> <span class='ocrx_word' id='word_1_189' title='bbox 1498 2909 1790 2983; x_wconf 85' lang='lat' dir='ltr'><strong>Quoniam,</strong></span> <span class='ocrx_word' id='word_1_190' title='bbox 1820 2908 1977 2968; x_wconf 85' lang='lat' dir='ltr'><strong>bene-</strong></span> 
     </span>
     <span class='ocr_line' id='line_1_28' title="bbox 410 2999 1980 3080; baseline -0.006 -15"><span class='ocrx_word' id='word_1_191' title='bbox 410 3012 427 3041; x_wconf 91' lang='lat'>‘</span> <span class='ocrx_word' id='word_1_192' title='bbox 466 3005 592 3065; x_wconf 85' lang='lat' dir='ltr'><strong>ficio</strong></span> <span class='ocrx_word' id='word_1_193' title='bbox 617 3005 872 3079; x_wconf 85' lang='lat' dir='ltr'><strong>affectus,</strong></span> <span class='ocrx_word' id='word_1_194' title='bbox 897 3004 1043 3063; x_wconf 87' lang='lat' dir='ltr'><strong>hano</strong></span> <span class='ocrx_word' id='word_1_195' title='bbox 1068 3001 1176 3061; x_wconf 89' lang='lat' dir='ltr'><strong>sibi</strong></span> <span class='ocrx_word' id='word_1_196' title='bbox 1219 3001 1542 3080; x_wconf 87' lang='lat' dir='ltr'><strong>Populoque</strong></span> <span class='ocrx_word' id='word_1_197' title='bbox 1569 2999 1823 3059; x_wconf 87' lang='lat' dir='ltr'><strong>Romano</strong></span> <span class='ocrx_word' id='word_1_198' title='bbox 1854 3019 1980 3076; x_wconf 85' lang='lat' dir='ltr'><strong>gra-</strong></span> 
     </span>
    </p>
   </div>
  </div>
 </body>
</html>
