2175 3526
1099 316 1177 372 50

373 465 688 526 Accedebat
728 468 855 539 hue,
884 476 947 526 ut
973 489 1259 547 nunquam
1305 470 1556 541 conferti,
1596 469 1692 528 sed
1733 467 1948 545 magnis

371 556 679 616 intervallis
706 558 1113 636 proeliarentur,
1142 557 1456 638 integrique
1483 558 1803 635 defatigatis
1823 579 1946 617 suc·
2007 604 2014 615 .

369 646 642 706 cederent.

605 803 798 862 CXII.
876 805 1158 863 Britanni
1190 806 1511 864 vincuntur.

406 950 415 967 .
447 903 673 963 Postero
715 905 807 964 die
854 907 913 964 in
959 907 1197 965 collibus
1242 908 1630 981 constiterunt,
1658 914 1717 965 et
1752 906 1949 979 leniua

369 1014 534 1071 quam
587 995 783 1070 pridie,
823 1004 1043 1055 nostros
1085 997 1302 1075 equites
1340 997 1608 1056 lacessere
1641 1002 1945 1073 coeperunt.
2041 1049 2046 1054 .

371 1084 480 1142 Sed
523 1085 770 1158 meridie,
815 1107 987 1165 quum
1035 1087 1239 1159 Caesar,
1263 1087 1570 1164 pabulandi
1610 1107 1793 1159 causa,
1836 1094 1950 1145 tres

371 1175 631 1250 legiones,
659 1183 831 1254 atque
852 1197 1072 1237 omnem
1100 1178 1411 1255 equitatum
1438 1177 1693 1250 misisset,
1721 1183 1949 1252 repente

369 1284 441 1323 ex
467 1266 722 1325 omn-ibus
743 1267 999 1343 partibus
1024 1268 1099 1326 ad
1133 1267 1487 1344 pabulatores
1525 1266 1946 1338 advolaverunt,

370 1355 464 1429 sie,
505 1357 586 1414 uti
625 1357 696 1415 ab
734 1358 916 1433 sig-nis
968 1358 1387 1436 legionibusque
1437 1378 1551 1416 non
1602 1357 1948 1416 absisterent.

373 1445 579 1518 Nostri,
623 1447 826 1505 aeriter
877 1448 936 1505 in
976 1466 1072 1506 eos
1112 1448 1325 1524 impetu
1376 1449 1544 1520 facte,
1585 1447 1947 1524 repulerunt;

370 1556 678 1614 magnoque
705 1556 896 1595 eorum
922 1557 1153 1596 numero
1180 1538 1488 1609 interfect0‚
1515 1557 1696 1614 neque
1723 1537 1809 1595 sui
1834 1536 1948 1595 eol-

371 1625 594 1702 ligendi‚
612 1646 791 1703 neque
811 1627 1167 1686 consistendi.
1195 1635 1295 1685 aut
1305 1647 1389 1686 ex
1408 1628 1614 1686 essedis
1639 1625 1947 1703 desiliendi,

369 1715 689 1775 facultatem
730 1716 1022 1776 dederunt.
1105 1716 1196 1775 Ex
1224 1718 1327 1777 hae
1364 1717 1502 1794 fuga
1525 1717 1797 1794 protinus,
1826 1736 1948 1795 quae

370 1806 612 1883 undique
651 1817 1044 1880 convenerant,
1070 1808 1287 1866 auxilia
1325 1808 1730 1877 discesserunt3
1770 1826 1949 1884 neque

369 1904 492 1972 post
518 1897 578 1953 id
616 1903 837 1972 tempus
891 1918 1138 1975 unquam
1177 1898 1411 1955 summis
1454 1897 1737 1955 nobiseum
1778 1897 1949 1973 copiis

370 1986 552 2044 hostes
577 1987 999 2045 contenderunt.

595 2141 822 2200 CXIII.
902 2143 1086 2216 Apud
1130 2143 1389 2201 Tamesim
1426 2141 1715 2199 resistitur.

352 2273 357 2284 ¹
446 2244 629 2302 Caesar
653 2243 727 2303 ad
751 2244 957 2303 flumen
999 2244 1261 2303 Tamesin
1289 2244 1350 2302 in
1377 2246 1516 2303 fines
1544 2244 1948 2302 Cassivellauni

367 2334 674 2393 exereitum
727 2335 934 2405 duxit3
989 2336 1139 2413 quod
1179 2336 1385 2393 flumen
1427 2354 1537 2392 uno
1577 2335 1802 2393 omnino
1828 2335 1949 2393 loeo

369 2425 615 2500 pedibus,
644 2430 812 2502 atque
832 2424 935 2484 hoc
955 2444 1123 2501 aegre,
1152 2424 1377 2483 transiri
1404 2432 1604 2502 potest.
1674 2425 1756 2482 Εὸ
1778 2445 1947 2502 quum

370 2514 629 2587 venisset,
656 2514 1071 2588 animadvertit,
1101 2515 1174 2572 ad
1200 2516 1436 2573 alteram
1484 2514 1727 2572 fluminis
1769 2515 1947 2591 ripam

368 2622 596 2679 magnas
614 2622 732 2663 esse
748 2604 935 2681 copias
955 2605 1199 2663 hostium
1216 2606 1536 2663 instructas.
1596 2604 1743 2682 Ripa
1763 2613 1946 2663 autem

364 2700 487 2753 erat
513 2694 691 2752 acutis
715 2693 945 2752 sudibus
983 2696 1231 2771 praefixis
1282 2696 1541 2766 munita3
1594 2694 1949 2772 ejusdemque

369 2784 587 2860 generis
611 2783 713 2843 sub
739 2803 888 2861 aqua
912 2784 1113 2842 defixoe
1140 2785 1303 2844 sudes
1343 2786 1571 2843 flumine
1598 2785 1946 2861 tegebantur.

372 2873 480 2932 His
506 2873 669 2933 rebus
694 2874 949 2950 cognitis,
978 2874 1180 2947 Caesar,
1209 2876 1492 2951 praemisso
1517 2875 1788 2953 equitatu,
1816 2894 1948 2932 eon-

362 2963 554 3026 ›festim
594 2964 839 3041 legiones
863 2963 1123 3044 subsequi
1153 2965 1339 3043 jussit,
1420 2965 1507 3024 Ea
1530 2965 1833 3037 eeleritate,
1860 2971 1941 3023 at-
