2175 3526
961 330 1033 387 13

225 481 308 544 Eo
338 486 445 557 die,
475 506 584 563 quo
618 485 910 543 consuerat
951 485 1268 553 intervallo,
1296 484 1483 542 hostes
1510 483 1796 561 sequitur;

226 585 285 633 et
330 576 512 633 millia
554 594 817 651 passuum
865 576 976 633 tria
1021 575 1093 632 ab
1115 594 1326 633 ,eorum
1375 574 1572 631 castris
1616 584 1801 632 castra

227 667 402 741 ponit.
502 663 506 667 ’

488 831 776 890 XXXVI.
889 833 1165 890 Bibracte.

311 935 585 993 Postridie
613 934 731 1011 ejus
757 933 886 1003 diei,
917 933 1067 1011 quod
1095 935 1320 992 omnino
1347 933 1581 991 biduum
1610 951 1803 1008 super-

229 1033 367 1095 erat,
397 1045 568 1102 quum
604 1025 877 1082 exercitui
905 1025 1247 1082 frumentum
1283 1024 1469 1082 metiri
1503 1031 1802 1099 oporteret,

229 1125 290 1173 et
323 1115 472 1192 quod
498 1135 534 1174 a
558 1114 835 1186 Bibracte,
864 1115 1068 1190 oppido
1098 1114 1411 1171 AEduorum
1446 1113 1611 1189 longe
1639 1133 1801 1170 max-

232 1207 343 1262 imo
367 1225 433 1263 ac
453 1204 845 1281 copiosissimO,
866 1218 977 1262 non
999 1204 1240 1279 amplius
1264 1203 1516 1261 millibus
1541 1220 1816 1283 passuum⁹

229 1294 613 1370 duodeviginti
660 1294 871 1365 aberat,
915 1294 998 1352 rei
1039 1293 1419 1351 frumentarias
1457 1292 1801 1369 prospicien-

230 1385 361 1442 dum
388 1384 754 1450 existimavit,
783 1403 848 1441 ac
870 1383 1132 1441 Bibracte
1159 1382 1240 1440 ire
1268 1382 1571 1441 contendit.
1658 1380 1803 1439 Hel-

234 1474 385 1545 vetii,
439 1493 537 1532 seu
591 1473 741 1550 quod
795 1473 1122 1549 perterritos
1187 1472 1470 1531 Romanos
1521 1471 1806 1530 discedere

230 1564 634 1635 existimarent,
661 1564 781 1620 sive
821 1561 970 1640 quod
997 1582 1058 1620 re
1095 1562 1464 1621 frumentaria
1504 1558 1802 1620 intercludi

233 1673 388 1731 posse
428 1653 785 1724 confiderent,
827 1653 1027 1711 itinere
1065 1672 1352 1724 converso,
1394 1659 1612 1711 nostros
1637 1672 1672 1710 a
1699 1672 1801 1710 no-

233 1744 457 1802 vissimo
510 1745 732 1821 agmine
787 1743 1002 1821 insequi
1054 1763 1121 1803 ac
1175 1744 1441 1804 lacessere
1488 1751 1791 1821 coeperunt.

237 1835 532 1912 Postquam
575 1835 634 1891 id
669 1834 917 1892 animum
944 1834 1208 1907 advertit,
1251 1834 1439 1911 copias
1465 1854 1594 1893 suas
1622 1834 1805 1892 Oaesar

234 1926 289 1980 in
317 1925 635 2000 proximum
663 1924 864 1983 collem
903 1924 1198 1994 subducit;
1240 1924 1680 2003 equitatumque,
1709 1926 1804 2002 qui

232 2016 527 2074 sustineret
565 2014 808 2073 hostium
834 2015 1126 2091 impetum,
1152 2015 1324 2072 misit.

462 2181 789 2241 XXXVII.
872 2183 1154 2241 Proelium
1193 2183 1569 2242 committitur.

313 2286 442 2361 Ipse
495 2285 720 2343 interim
764 2284 823 2342 in
877 2285 1019 2344 colle
1061 2285 1247 2343 medio
1299 2285 1578 2361 triplicem
1631 2283 1807 2343 aciem

232 2375 517 2435 instruxit.
601 2375 859 2433 Sarcinas
901 2375 961 2433 in
1008 2395 1183 2433 unum
1227 2376 1410 2433 locum
1452 2374 1711 2446 conferri,
1748 2382 1807 2433 et

230 2485 356 2523 cum
383 2464 453 2521 ab
481 2464 567 2536 iis,
597 2464 693 2542 qui
721 2465 779 2522 in
807 2464 1091 2541 superiore
1117 2466 1237 2524 acie
1261 2464 1646 2535 constiterant,
1675 2483 1803 2521 mu-

233 2555 337 2611 uiri
376 2554 562 2630 jussit.
663 2553 936 2625 Helvetii,
980 2574 1108 2612 cum
1154 2554 1410 2613 omnibus
1457 2554 1573 2611 suis
1629 2553 1803 2613 carris

230 2645 424 2716 secuti,
453 2643 856 2719 impedimenta
891 2644 952 2702 in
984 2665 1159 2702 unum
1199 2645 1382 2703 locum
1423 2643 1802 2702 contulerunt.

233 2734 371 2809 Ipsi,
418 2734 826 2792 confertissima
868 2733 989 2792 acie
1031 2734 1239 2811 rejecto
1285 2742 1476 2793 nostro
1529 2734 1808 2811 equitatu,

234 2824 509 2900 phalange
550 2825 717 2897 facta,
755 2824 859 2883 sub
899 2824 1139 2901 primam
1174 2830 1423 2883 nostram
1462 2823 1640 2882 aciem
1680 2842 1805 2882 suc-

231 2921 529 2971 cesserunt.
632 2914 833 2986 Gaesar‚
870 2914 1116 2991 primum
1152 2932 1275 2988 suo,
1315 2911 1519 2971 deinde
1555 2913 1803 2972 omnium
