2175 3526
1131 331 1201 386 12

373 469 557 529 hostes
597 475 700 532 sub
740 486 930 538 monte
971 484 1302 558 consedisse,
1324 487 1509 549 millia
1565 512 1828 561 passuum
1874 498 1942 555 ab

370 560 544 635 ipsius
572 567 768 624 castris
808 577 951 642 octe,
989 574 1173 650 qualis
1212 588 1358 635 esset
1392 578 1600 642 n³atura
1634 585 1861 656 montis,
1887 599 1938 644 et

369 652 551 727 qualis
603 653 663 711 in
717 658 954 719 circuitu
1006 663 1322 739 adscensus,
1378 673 1475 745 qui
1528 688 1940 747 cognoscerent,

367 741 536 800 misit.
621 745 1033 809 Renunciatum
1061 762 1165 827 est,
1193 756 1416 816 facilem
1444 779 1580 819 esse.
1662 762 1758 821 De
1774 765 1938 822 tertia

367 830 582 906 vigilia,
630 834 821 895 Titum
863 840 1190 919 Labienum,
1236 847 1504 923 legatum,
1552 871 1679 909 cum
1728 853 1942 912 duabus

370 921 692 1000 legionibus,
750 949 1028 991 summum
1073 935 1277 1012 jugum
1331 941 1539 998 montis
1603 943 1939 1002 adscendere

359 1012 534 1090 jubet.
617 1017 750 1094 Ipse
777 1020 847 1080 de
875 1034 1078 1099 quarta
1118 1027 1316 1103 vigilia
1346 1030 1540 1088 eodem
1581 1032 1801 1105 itinere,
1831 1054 1939 1110 quo

362 1103 548 1164 hostes
604 1107 803 1183 ierant,
857 1113 930 1171 ad
976 1134 1078 1173 -eos
1131 1119 1456 1189 contendit3
1517 1122 1938 1199 equitatumque

361 1213 582 1254 omnem
608 1208 741 1258 ante
763 1221 821 1259 se
848 1204 1043 1263 mittit.

668 1368 960 1429 XXXIV.
1045 1375 1349 1435 Considius
1372 1378 1635 1451 fallitur.

435 1467 624 1528 Prima
663 1471 805 1544 luce,
849 1494 1022 1551 quum
1068 1498 1318 1537 summus
1367 1499 1527 1538 mons
1568 1501 1604 1538 a
1650 1481 1779 1540 'sito
1820 1481 1924 1539 La?

357 1559 518 1618 bieno
546 1568 854 1636 teneretur,
881 1565 1000 1642 ipse
1036 1567 1111 1625 ab
1151 1569 1397 1627 hostium
1436 1571 1633 1629 castris
1659 1591 1770 1628 non
1810 1572 1929 1629 lon-

357 1651 483 1725 gius
523 1651 680 1710 mille
719 1660 778 1711 et
818 1656 1141 1732 quingentis
1182 1660 1437 1736 passibus
1477 1661 1711 1734 abesset,
1751 1681 1931 1738 neque

352 1748 451 1801 aut
490 1741 667 1819 ipsius
704 1744 1000 1821 adventus,
1039 1760 1142 1807 aut
1182 1750 1434 1824 Labieni,
1474 1751 1731 1827 cognitus
1769 1761 1931 1824 esset,

354 1833 668 1908 Considius,
711 1856 856 1912 equo
895 1840 1157 1912 admisse,
1186 1840 1259 1897 ad
1298 1860 1426 1899 eum
1466 1843 1747 1911 accurrit3
1794 1843 1932 1900 dicit

351 1934 616 1999 montem,
656 1948 822 2005 quem
869 1949 905 1987 a
952 1929 1199 1988 Labieno
1246 1931 1508 2007 occupari
1551 1932 1812 2005 voluerit,
1858 1933 1929 1989 ab

352 2014 601 2074 hostibus
648 2019 868 2088 teneri3
922 2020 980 2076 id
1023 2039 1083 2079 se
1130 2040 1206 2079 ex
1253 2021 1486 2079 Gallicis
1538 2021 1707 2078 armis
1758 2030 1927 2099 atque

347 2105 658 2181 insignibus
716 2110 1059 2185 cognovisse.
1190 2111 1376 2169 Oaesar
1427 2131 1556 2170 suas
1616 2112 1804 2187 copias
1866 2112 1923 2169 in

346 2197 670 2273 proximum
698 2200 899 2258 collem
940 2201 1203 2259 subducit
1218 2223 1238 2270 3
1279 2202 1456 2260 aciem
1483 2202 1728 2259 instruit.

655 2367 911 2427 XXXV.
1021 2370 1306 2428 Labienus
1337 2378 1386 2427 et
1423 2370 1631 2430 C'aesar.

422 2470 716 2543 Labienus,
760 2479 824 2529 ut
869 2480 992 2530 erat
1030 2473 1083 2531 ei
1132 2481 1493 2551 praeceptum,
1537 2477 1627 2550 (ut
1672 2470 1918 2547 undique

341 2579 453 2619 uno
493 2569 743 2637 tempore
769 2563 831 2620 in
857 2563 1044 2621 hostes
1084 2563 1329 2639 impetus
1368 2563 1573 2638 fieret,)
1607 2569 1797 2619 monte
1823 2580 1915 2618 oc·

339 2660 561 2729 cupato,
588 2662 806 2711 nostros
838 2653 1219 2730 exspectabat,
1246 2653 1555 2729 proelioque
1581 2651 1913 2709 abstinebat.

340 2744 524 2803 Multo
579 2746 820 2822 denique
864 2744 973 2816 die,
1001 2763 1105 2819 per
1142 2744 1525 2819 exploratores
1554 2743 1739 2800 Caesar
1784 2760 1910 2815 cog-

337 2837 514 2909 novit,
555 2844 800 2894 montem
843 2855 879 2892 a
917 2834 1032 2892 suis
1067 2834 1267 2907 teneri,
1305 2840 1364 2891 et
1405 2832 1745 2903 Considium,
1784 2850 1909 2906 per-

336 2928 615 2999 territum,
646 2926 790 3005 quod
821 2945 933 2983 non
974 2925 1225 2996 vidisset,
1254 2944 1355 3000 pro
1382 2924 1505 2982 viso
1540 2920 1905 2981 renunciasse.
