2175 3526
272 520 317 578 J
319 540 425 578 ura
449 520 738 593 altissimo,
767 521 863 599 qui
882 527 968 580 est
987 523 1138 580 inter
1155 522 1442 601 Sequanos
1468 529 1527 582 et
1548 521 1870 591 Helvetios3

278 610 465 684 tertia,
492 611 618 670 lacu
641 611 904 684 Lemano,
932 619 990 670 et
1019 613 1249 672 flumine
1292 613 1582 687 Rhodano,
1611 612 1708 692 qui
1737 611 1869 671 Pro-

280 701 526 760 vinciam
556 709 804 760 nostram
830 702 902 761 ab
930 702 1215 762 Helvetiis
1241 702 1464 763 dividit.
1567 759 1582 771 ,

557 860 632 920 Χ.
778 864 1182 939 Profectionem
1220 870 1551 941 confirmant

377 964 487 1023 His
514 965 677 1023 rebus
705 964 953 1024 adducti
962 966 1373 1025 constituerunt
1399 986 1483 1034 ea,
1511 970 1719 1045 quaead
1749 989 1879 1046 pro-

301 1055 657 1114 ficiscendum
698 1055 1063 1133 pertinerent,
1106 1077 1467 1134 comparare;
1499 1053 1876 1132 jumentorum

292 1152 355 1202 et
401 1165 685 1203 carrorum
728 1148 895 1224 quam
914 1147 1224 1204 maximum
1263 1167 1556 1206 numerum
1595 1167 1879 1218 coemere;

298 1244 576 1293 sementes
628 1237 796 1312 quam
845 1235 1124 1294 maximas
1164 1236 1385 1305 facere3
1435 1256 1562 1294 cum
1606 1238 1879 1313 proximis

300 1324 625 1382 civitatibus
649 1325 953 1383 amicitiam
991 1326 1336 1384 confirmare.
1416 1325 1490 1384 In
1517 1327 1748 1384 tertium
1775 1346 1879 1385 an-

299 1436 434 1473 num
457 1415 855 1492 profectionem
881 1415 1006 1492 lege
1032 1417 1385 1475 confirmant.

557 1585 667 1642 XI.
787 1585 1126 1662 Orqetoriqis
1163 1584 1474 1644 consilium.

375 1687 469 1745 Ad
494 1707 587 1746 eas
614 1707 701 1747 res
727 1685 1097 1746 conficiendas
1125 1686 1426 1762 Orgetorix
1451 1686 1734 1762 deligitur.
1815 1687 1876 1747 Is

292 1782 636 1858 ‘legationem
687 1780 761 1840 ad
805 1780 1065 1840 civitates
1110 1784 1370 1857 suscepit.
1452 1784 1524 1838 ln
1566 1799 1633 1838 eo
1678 1770 1880 1840 itinere

299 1872 591 1948 persuadet
618 1870 856 1945 Castico,
885 1869 1161 1949 Sequano,
1189 1877 1253 1928 ut
1278 1889 1531 1946 regnum,
1559 1871 1618 1928 in
1646 1871 1880 1929 civitate

297 1982 413 2024 sua.
442 1967 755 2037 occuparet,
772 1958 922 2039 quod
940 1967 1104 2037 pater
1118 1962 1249 2018 ante
1268 1959 1558 2018 habuerat.
1620 1959 1881 2038 Itemque

298 2051 652 2127 Dumnorigi,
701 2050 909 2121 AEduo,
963 2050 1060 2122 qui
1114 2050 1361 2108 maxime
1412 2048 1563 2121 plebi
1617 2056 1881 2117 acceptus

297 2151 433 2215 erat,
459 2151 523 2199 ut
550 2140 700 2199 idem
725 2147 1035 2213 conaretur,
1062 2139 1379 2217 persuadet.
1475 2139 1639 2198 Inter
1663 2159 1723 2198 se
1753 2141 1877 2217 jus-

294 2232 591 2309 jurandum
630 2231 787 2303 dant,
827 2237 885 2289 et
923 2230 1099 2289 totius
1138 2230 1339 2290 Galliae
1365 2249 1485 2288 sese
1509 2229 1678 2307 potiri
1717 2248 1879 2306 posse

296 2331 540 2400 sperant.

555 2489 702 2550 XII.
786 2490 1079 2566 orqetom
1116 2508 1292 2578 poena
1332 2507 1386 2547 se
1422 2489 1610 2563 mpic.

286 2578 304 2597 ’
374 2592 460 2652 Ea
483 2613 573 2654 res
599 2601 662 2652 ut
688 2602 774 2652 est
800 2593 1083 2653 Helvetiis
1126 2593 1441 2666 enunciata,
1477 2592 1882 2670 Orgetorigem,

210 2670 222 2680 ⁸
298 2705 373 2744 ex
399 2685 659 2758 vinculis,
687 2704 911 2744 causam
931 2685 1116 2743 dicere
1135 2691 1456 2761 coegerunt.
1537 2684 1881 2743 Damnatum

297 2795 518 2852 poenam
545 2776 704 2854 sequi
743 2774 1052 2851 oportebat,
1081 2782 1146 2833 nt
1172 2774 1290 2851 igni
1334 2780 1690 2832 cremaretur.
1773 2772 1883 2834 Die

297 2866 619 2939 constituta,
661 2865 976 2942 Orgetorix,
1019 2866 1092 2923 ad
1122 2865 1417 2941 judicium,
1465 2884 1685 2924 omnem
1724 2885 1879 2924 suam

299 2956 586 3015 familiam.
614 2962 672 3014 et
694 2976 886 3015 omnes
911 2956 1144 3017 clientes
1170 2956 1573 3034 obaeratosque,
1593 2957 1881 3015 conduxit.

300 3045 409 3105 Per
431 3065 526 3106 eos
553 3066 612 3105 se
639 3049 861 3123 eripuit.
