2175 3526
1128 351 1204 409 34

374 508 481 567 sibi
507 509 633 568 usui
651 508 770 567 fore
795 506 1188 580 arbitrabatur,
1209 507 1256 565 si
1272 505 1437 565 modo
1464 504 1703 565 insulam
1729 508 1953 584 adisset,

373 618 549 675 genus
584 598 871 656 hominum
905 597 1302 674 perspexisset,
1337 596 1479 670 loca,
1508 604 1721 673 portus,
1748 599 1953 672 aditus,

375 689 724 766 cognovisset
733 709 750 756 ;
792 707 916 767 quoe
931 688 1120 746 omnia
1136 687 1254 746 fere
1274 687 1455 746 Gallis
1470 699 1631 746 erant
1650 689 1950 766 incognita.

373 779 570 857 Neque
616 778 767 838 enim
807 784 1018 837 temere
1063 784 1270 854 praeter
1312 784 1648 838 mercatores
1688 779 1788 837 illo
1833 781 1953 839 adit

370 870 682 947 quisquam,
709 888 891 947 neque
924 868 993 926 iis
1028 868 1166 945 ipsis
1202 868 1538 946 quidquam,¹
1561 876 1767 946 praeter
1798 891 1950 929 oram

369 959 725 1031 maritimam,
778 966 977 1016 notum
1028 965 1133 1017 est.
1241 958 1462 1036 Itaque,
1509 966 1689 1038 neque
1742 969 1951 1038 quanta

366 1056 513 1109 esset
551 1050 748 1107 insulae
793 1049 1143 1126 magnitud0‚
1185 1069 1367 1127 neque
1412 1069 1537 1129 quae
1581 1057 1681 1109 aut
1726 1058 1951 1127 quantae

367 1139 624 1199 nationes
663 1139 989 1212 incolerent,
1029 1159 1212 1217 neque
1258 1159 1423 1218 quem
1463 1160 1624 1198 usum
1675 1140 1811 1199 belli
1849 1141 1949 1200 ha-

366 1231 580 1303 berent,
607 1236 707 1289 aut
746 1229 949 1306 quibus
987 1224 1263 1288 institutis
1303 1236 1609 1301 uterentur,
1637 1250 1818 1308 neque
1853 1233 1947 1310 qui

366 1327 550 1379 essent
602 1320 674 1379 ad
724 1318 999 1398 majorum
1036 1321 1269 1378 navium
1305 1319 1725 1380 multitudinem
1764 1321 1949 1381 idonei

367 1418 580 1487 portus,
610 1410 855 1489 reperire
878 1417 1118 1487 poterat.

625 1564 875 1624 LXXX.
988 1565 1340 1639 Explorator
1375 1567 1636 1625 mittitur.

467 1669 562 1728 Ad
613 1669 734 1729 haec
797 1669 1198 1746 cognoscenda,
1247 1668 1576 1745 priusquam
1637 1669 1947 1746 periculum

365 1761 592 1833 faceret,
635 1760 834 1820 Caium
873 1758 1223 1819 Volusenum
1257 1779 1385 1818 cum
1430 1759 1565 1819 navi
1601 1759 1772 1839 longa
1804 1781 1946 1839 prae·

362 1852 558 1910 mittit.
667 1849 821 1910 Huic
872 1850 1123 1922 mandat,
1176 1849 1281 1922 uti,
1336 1850 1643 1926 exploratis
1695 1852 1948 1910 omnibus

362 1942 544 2013 rebus,
573 1942 644 2001 ad
685 1961 745 2000 se
777 1943 944 2019 quam
978 1940 1226 2017 primum
1264 1946 1618 2011 revertatur;
1657 1941 1793 2018 ipse,
1821 1962 1947 2001 cum

363 2033 619 2090 omnibus
644 2031 837 2108 copiis,
864 2031 925 2089 in
953 2029 1203 2089 Morinos
1227 2030 1614 2107 proficiscitur,
1642 2031 1792 2109 quod
1817 2032 1948 2091 inde

361 2130 484 2181 erat
509 2122 871 2182 brevissimus
910 2120 968 2178 in
997 2120 1351 2180 Britanniam
1385 2122 1736 2198 transjectus.
1817 2122 1949 2181 Huc

362 2231 535 2271 naves
575 2212 822 2290 undique
860 2230 935 2270 ex
970 2211 1224 2269 finitimis
1258 2211 1578 2288 regionibus
1614 2212 1778 2290 jubet
1815 2233 1947 2271 con-

365 2304 571 2362 venire.
678 2301 936 2374 Interim,
990 2301 1223 2361 consilio
1275 2302 1395 2379 ejus
1446 2302 1688 2379 cognito,
1740 2310 1798 2361 et
1848 2321 1947 2380 per

360 2399 697 2451 mercatores
747 2391 966 2468 perlato
1017 2392 1093 2450 ad
1144 2391 1461 2465 Britannos,
1497 2412 1535 2451 a
1571 2392 1947 2471 compluribus

359 2483 480 2560 ejus
509 2481 709 2540 iusulae
735 2481 1059 2540 civitatibus
1084 2481 1160 2540 ad
1183 2502 1314 2541 eum
1354 2482 1529 2560 legati
1571 2484 1825 2557 veniunt,
1851 2485 1946 2560 qui

352 2574 736 2650 polliceantur
780 2571 999 2630 obsides
1052 2571 1206 2646 darc,
1249 2579 1421 2651 atque
1469 2573 1703 2651 imperio
1747 2571 1945 2652 Populi

354 2663 600 2724 Romani
628 2662 1032 2741 obtemperare.

617 2813 903 2879 LXXXI.
981 2820 1321 2895 Speculatus·
1355 2822 1670 2880 revertitur.

432 2919 768 2983 Iaibwa'lffer
788 2923 1104 3003 pollicitus,
1140 2923 1523 3002 hortatusque,
1547 2931 1616 2982 ut
1641 2923 1699 2981 in
1726 2942 1795 2982 ca
1817 2939 1941 2982 sen-
