2175 3526
999 294 1162 351 -30

320 452 574 525 consilio,
605 451 689 510 uti
717 458 1053 524 commeatu,
1082 451 1181 530 qui
1208 472 1284 511 ex
1313 449 1589 531 Sequanis
1623 459 1681 513 et
1710 452 1920 513 AEduis

325 550 770 622 supportaretur,
801 544 1078 603 Caesarem
1108 544 1530 606 intercluderet.
1615 545 1754 605 Dies
1781 566 1918 605 con-

325 638 511 696 tinuos
539 634 788 714 quinque
816 635 1003 693 Gaesar
1038 656 1143 713 pro
1169 637 1368 694 castris
1393 657 1524 696 suas
1549 638 1739 715 copias
1777 658 1907 715 pro-

326 729 511 801 duxit,
530 736 613 798 ut,
634 727 682 784 si
709 727 885 786 vellet
906 727 1230 787 Ariovistus
1256 730 1456 806 proelio
1482 730 1839 801 contendere,
1862 731 1916 788 ei
1968 755 1971 758 ⁴

321 827 569 898 potestas
586 838 699 876 nou
717 818 953 877 deesset.
1036 818 1361 878 Ariovistus
1378 821 1697 880 exercitum
1719 821 1920 880 castris

323 910 638 980 continuit3
681 910 928 987 equestri
955 910 1164 987 proelio
1188 911 1439 989 quotidie
1463 912 1773 971 contendit.

873 1069 1098 1129 LXXI.
1179 1071 1361 1129 Idem.

404 1173 519 1234 Ubi
553 1193 683 1233 eum
722 1174 922 1233 castris
960 1193 1021 1232 se
1060 1182 1255 1233 tenere
1284 1174 1472 1233 Gaesar
1511 1173 1815 1245 intellexit,
1845 1192 1919 1233 ne

323 1266 534 1325 diutius
574 1272 892 1325 commeatu
930 1265 1342 1342 prohiberetur,
1372 1267 1526 1325 ultra
1562 1286 1692 1325 eum
1732 1267 1918 1324 locum

322 1357 546 1418 circiter
588 1377 784 1434 passus
826 1364 1141 1430 sexcentos,
1180 1357 1379 1415 castris
1426 1357 1690 1417 idoneum
1734 1358 1918 1415 locum

325 1449 536 1526 delegit
551 1471 568 1519 ;
610 1449 841 1528 acieque
873 1447 1085 1525 triplici
1130 1448 1421 1522 instructa,
1449 1449 1692 1526 primam
1730 1455 1789 1506 et
1828 1467 1915 1506 se-

321 1540 562 1602 cundam
591 1541 652 1599 in
679 1542 851 1600 armis
871 1561 1010 1612 esse,
1033 1540 1262 1599 tertiam
1280 1550 1466 1600 castra
1485 1542 1705 1601 munire
1725 1541 1914 1617 jussit.

325 1634 407 1692 Εὸ
435 1635 662 1696 circiter
693 1633 983 1695 homiuum
1012 1652 1248 1692 numero
1287 1634 1574 1693 sexdecim
1603 1634 1786 1693 millia
1812 1654 1916 1693 ex·

324 1727 535 1803 pedita,
581 1744 710 1785 cum
772 1724 925 1783 omni
986 1722 1265 1802 equitatu,
1313 1724 1469 1783 misit
1486 1746 1505 1795 3
1568 1745 1693 1803 quae
1741 1725 1916 1801 copiae

323 1826 541 1878 nostros
588 1816 903 1876 munitione
949 1815 1333 1892 prohiberent.
1433 1816 1638 1889 Gaesar,
1675 1823 1739 1875 ut
1782 1820 1917 1877 ante

323 1912 711 1982 constituerat,
733 1909 874 1967 duas
900 1908 1049 1966 acies
1076 1907 1296 1966 hostem
1322 1909 1669 1984 propulsare,
1690 1909 1917 1967 tertiam

322 2020 464 2077 opus
516 2000 803 2078 perficere,
836 1998 1029 2077 jussit.
1116 1997 1356 2057 Munitis
1397 1998 1614 2070 castris,
1656 1998 1798 2057 duas
1839 2000 1917 2059 ibi

323 2093 573 2170 legiones
599 2093 848 2172 reliquit,
870 2100 1115 2171 quatuor
1141 2091 1387 2170 reliquas
1413 2091 1474 2149 in
1501 2099 1686 2150 castra
1705 2092 1918 2170 majora

327 2184 570 2243 reduxit.

785 2300 1045 2360 LXXII.
1127 2301 1460 2377 Puqnatur.

409 2408 678 2469 Proximo
724 2408 833 2482 die,
868 2409 1057 2469 Caesar
1110 2429 1143 2468 e
1185 2409 1388 2469 castris
1430 2409 1685 2488 utrisque
1730 2411 1917 2488 copias

322 2522 454 2562 suas
493 2503 730 2573 eduxit3
782 2503 1130 2580 paulumque
1170 2522 1207 2561 a
1243 2501 1550 2579 majoribus
1590 2523 1915 2580 progressus

323 2594 506 2654 aciem
534 2594 826 2667 instruxit,
851 2592 1220 2671 hostibusque
1246 2594 1539 2671 pugnandi
1577 2599 1915 2670 potestatem

325 2686 479 2747 fecit.
563 2686 678 2746 Ubi
707 2706 780 2745 ne
814 2691 937 2744 tum
965 2686 1195 2765 quidem
1222 2705 1318 2745 eos
1357 2686 1583 2764 prodire
1609 2686 1912 2761 intellexit,

327 2780 558 2840 circiter
606 2778 900 2838 meridiem
951 2778 1267 2838 exercitum
1320 2778 1381 2836 in
1434 2785 1621 2838 castra
1671 2777 1907 2837 reduxit·

326 2870 474 2930 Tum
504 2870 734 2930 demum
753 2869 1078 2929 Ariovistus
1104 2878 1326 2949 partem
1353 2889 1583 2931 suarum
1609 2868 1903 2948 copiarum
