2175 3526
1066 285 1151 345 24

322 430 613 491 hementer
651 451 744 490 eos
783 430 1101 499 incusavit3
1158 429 1324 507 qued,
1352 440 1452 489 aut
1489 451 1657 509 quam
1698 441 1759 492 in
1786 455 1915 511 par-

324 533 456 595 tem,
483 528 583 580 aut
618 540 727 597 quo
753 518 984 578 oonsilio
1024 518 1377 590 ducerentur,
1405 520 1513 578 sibi
1555 524 1916 600 quaerendum

323 619 422 670 aut
450 608 811 686 cogitandum
850 614 1134 684 putarent.
1217 613 1254 643 “
1276 607 1627 667 Ariovistum
1667 612 1915 689 cupidis·

323 711 340 738 ‘
379 701 517 759 sime
556 698 758 774 Populi
798 696 1038 755 Romani
1076 696 1381 756 amicitiam
1422 700 1720 775 appetisse.
1801 702 1916 760 Gur

322 808 339 827 6
380 793 528 850 hune
555 798 765 848 temere
797 788 1092 865 quisquam
1119 788 1189 845 ab
1217 789 1396 846 officio
1424 790 1795 848 discessurum
1816 790 1906 868 ju-

321 888 337 917 ‘
378 878 634 940 dicaret?
716 878 836 938 Sibi
876 877 1103 956 quidem
1141 878 1481 954 persuaderi,
1510 881 1753 957 coguitis
1781 902 1904 958 pos·

319 979 336 1008 6
375 972 591 1043 tulatis,
618 990 761 1041 eum,
773 988 953 1046 neque
989 988 1165 1040 suam,
1194 987 1375 1046 neque
1401 969 1618 1074 Populi
1659 971 1898 1031 Romani

318 1062 616 1140 ‘gratiam
655 1061 1096 1139 repudiaturum.
1178 1060 1340 1130 Qubd
1369 1061 1437 1133 si,
1465 1061 1653 1120 furore
1693 1061 1901 1137 impul·

318 1160 334 1189 6
373 1172 486 1224 sus,
511 1151 724 1210 bellum
762 1149 1061 1237 intulisset,
1091 1168 1191 1207 eur
1216 1147 1285 1207 cle
1316 1169 1419 1209 sua
1448 1151 1675 1225 virtute,
1703 1160 1804 1209 aut
1832 1151 1903 1210 cle

317 1250 335 1279 6
373 1243 549 1321 ipsius
576 1229 890 1318 diligentia,
917 1239 1318 1316 desperarent?

898 1390 1060 1453 LIX.
1137 1395 1318 1453 Idem.

390 1508 408 1538 ‘
430 1501 668 1560 Factum
707 1500 830 1577 ejus
870 1499 1044 1556 hostis
1084 1498 1413 1575 perieulum,
1442 1518 1631 1576 quum,
1661 1500 1903 1560 Cimbris

313 1601 331 1630 6
370 1601 429 1652 et
468 1591 736 1651 Teutonis
774 1611 811 1649 a
850 1589 984 1648 Gaio
1026 1589 1206 1646 Mario
1258 1589 1452 1665 pulsis,
1480 1609 1592 1647 non
1631 1591 1900 1651 minorem

313 1690 327 1720 6
368 1684 591 1742 laudem
616 1681 913 1752 exercitae,
942 1679 1110 1757 quam
1137 1679 1455 1755 imperator,
1483 1681 1715 1739 meritus
1741 1682 1899 1741 vide-

313 1782 329 1811 6
367 1774 592 1832 batum*
675 1771 910 1830 Factum
949 1771 1121 1829 etiam
1161 1790 1340 1846 nuper
1378 1771 1437 1828 in
1480 1771 1668 1843 Italia,
1707 1773 1899 1844 servili

317 1889 328 1902 ·
367 1864 632 1924 tumultu.
713 1862 806 1919 Ex
832 1881 941 1939 quo
972 1861 1215 1938 judicari
1254 1870 1457 1936 posset,
1486 1869 1756 1938 qua-ntum
1796 1863 1898 1921 ha-

309 1962 326 1991 ‘
364 1955 521 2014 beret
565 1953 624 2011 in
677 1973 737 2011 se
781 1952 914 2010 boni
967 1951 1321 2021 constantia3
1385 1958 1683 2027 propterea.
1728 1953 1894 2032 qued,

309 2059 325 2083 6
365 2066 504 2125 quos
537 2045 883 2125 aliquamdiu
903 2046 1144 2105 inermes
1160 2046 1498 2119 timuissent,
1514 2047 1617 2105 hos
1643 2057 1890 2107 armatos

308 2145 327 2173 6
364 2136 735 2214 superassent.
817 2133 1076 2212 Denique
1103 2135 1204 2193 hos
1230 2154 1348 2193 esse
1387 2135 1629 2209 eosdem,
1659 2136 1888 2214 quibus-

310 2242 326 2270 ‘
364 2247 493 2287 eum
518 2225 894 2330 saepenumero
936 2224 1189 2282 Helvetii
1230 2225 1529 2300 congressi,
1568 2245 1681 2282 non
1708 2227 1887 2285 solum

308 2317 423 2375 ‘iu
449 2317 581 2389 suis,
607 2315 705 2374 sed
743 2315 915 2373 etiam
940 2315 1000 2372 in
1041 2315 1266 2373 illorum
1306 2313 1529 2385 finibus,
1557 2315 1888 2394 plerumque

307 2415 327 2446 6
362 2407 694 2485 superarint,
723 2406 821 2484 qui
846 2413 1035 2465 tamen
1073 2424 1237 2481 pares
1263 2424 1383 2465 esse
1422 2413 1611 2463 nostro
1638 2406 1889 2465 exercitu

310 2512 326 2533 6
364 2520 476 2559 non
501 2498 805 2575 potuerint.

889 2653 1012 2714 LX.
1091 2652 1269 2710 Idem.

381 2763 398 2792 ‘
418 2756 480 2814 Si
508 2775 645 2834 quos
670 2756 966 2815 adversum
997 2755 1257 2832 proelium
1297 2754 1589 2815 Gallorum
1615 2764 1884 2827 moveret,

298 2852 314 2881 ‘
358 2848 458 2906 hos
508 2847 751 2924 reperire
802 2864 977 2923 posse,
1034 2845 1401 2921 Ariovistum,
1456 2865 1629 2924 quum
1680 2845 1886 2903 multos

879 2940 916 2977 ‘¹’
958 2937 1250 2996 Videntur
1276 2941 1301 2996 7
