2175 3526
977 350 1052 406 47

225 527 362 566 num
390 513 475 566 est
494 506 716 566 infinita
741 506 1061 579 multitudo,
1090 504 1530 582 creberrimaque
1555 501 1808 575 aedifioia,

230 599 344 657 fere
361 597 594 656 Gallicis
609 598 920 657 consimilia
927 608 945 668 ξ
984 616 1248 674 pecorum
1266 614 1502 672 magnus
1527 612 1806 653 numerus.

296 751 450 812 CVI.
534 753 792 825 Qum-um
829 773 1019 811 rerum
1053 752 1362 811 Britannis
1399 760 1525 810 esset
1562 750 1741 825 copia.

307 857 565 916 Utuntur
603 865 703 916 aut
748 877 874 930 aere,
901 865 1002 916 aut
1046 858 1210 916 taleis
1254 855 1449 915 ferreis
1484 855 1557 915 ad
1595 862 1809 914 certum

230 947 445 1024 pondus
496 948 847 1021 examinatis,
899 968 1002 1024 pro
1058 966 1305 1005 nummo.
1412 944 1678 1005 Nascitur
1730 945 1807 1004 ibi

229 1038 519 1115 plumbum
565 1039 756 1097 album
794 1041 856 1098 in
906 1038 1325 1097 mediterraneis
1376 1036 1712 1113 regionibus,
1749 1035 1806 1093 in

230 1127 521 1187 maritimis
586 1129 829 1200 ferrum3
895 1129 994 1187 sed
1045 1129 1165 1205 ejus
1215 1127 1423 1202 exigua
1473 1134 1557 1186 est
1608 1126 1806 1202 copia3

230 1237 337 1276 oere
365 1226 601 1277 utuntur
627 1219 944 1296 importato.
1026 1217 1267 1276 Materia
1281 1217 1547 1293 cujusque
1571 1216 1806 1293 generis,

229 1315 294 1366 nt
335 1308 396 1366 in
448 1308 654 1382 Gallia,
681 1316 785 1379 est,
831 1314 1037 1385 praeter
1084 1308 1277 1384 fagum
1328 1313 1498 1384 atque
1549 1306 1805 1365 abietem.

231 1398 520 1475 Leporem,
549 1405 606 1456 et
632 1394 921 1475 gallinam,
948 1405 1007 1456 et
1033 1417 1287 1456 anserem
1314 1404 1560 1472 gustare,
1586 1395 1673 1453 fas
1697 1415 1806 1454 non

228 1495 471 1565 putant3
537 1488 655 1547 haeo
706 1494 896 1547 tamen
956 1488 1118 1546 alunt
1169 1486 1342 1545 animi
1394 1484 1809 1562 voluptatisque

228 1598 412 1637 causa.
496 1578 646 1638 Loca
689 1585 821 1638 sunt
861 1578 1275 1656 temperatiora,
1305 1576 1472 1656 quam
1511 1576 1572 1633 in
1605 1575 1808 1648 Gallia,

229 1664 633 1728 remissioribus
657 1668 974 1746 frigoribus.

295 1823 484 1884 CVII.
593 1826 925 1885 Britannice
946 1827 1150 1902 fiyura
1188 1835 1238 1885 et
1274 1825 1430 1884 situs.

307 1925 503 1985 Insula
546 1935 749 1987 natura
786 1929 1079 2007 triquetra,
1120 1927 1277 2005 cujus
1321 1948 1496 1986 unum
1541 1928 1690 1987 latus
1725 1938 1807 1986 est

229 2026 425 2076 eontra
449 2018 711 2077 Galliam.
794 2018 980 2096 Hujus
1018 2019 1211 2078 lateris
1250 2018 1396 2077 alter
1428 2019 1684 2095 angulus,
1713 2019 1807 2096 qui

228 2115 314 2165 est
339 2107 411 2166 ad
452 2108 731 2181 Cantium,
760 2129 869 2187 quo
907 2109 1024 2168 fere
1063 2128 1254 2167 omnes
1293 2128 1366 2168 ex
1413 2108 1601 2168 Gallia
1637 2128 1810 2167 naves

227 2198 604 2275 appellantur,
632 2200 707 2257 ad
744 2199 1017 2258 orientem
1055 2199 1247 2270 solem,
1277 2198 1505 2257 inferior
1542 2198 1614 2256 ad
1639 2199 1808 2257 meri-

229 2287 377 2346 diem
427 2296 660 2365 spectat.
769 2289 896 2349 Hoc
948 2290 1100 2348 latus
1153 2295 1308 2348 tenet
1358 2289 1582 2347 circiter
1629 2289 1810 2348 millia

227 2398 490 2454 passuum
535 2381 858 2457 quingenta.
945 2380 1209 2439 Alterum
1249 2379 1434 2455 vergit
1479 2379 1554 2436 ad
1598 2378 1808 2456 Hispa-

230 2469 398 2541 niam,
426 2476 595 2547 atque
640 2471 984 2530 occidentem
1018 2471 1228 2539 solem;
1277 2490 1389 2547 qua
1425 2489 1500 2528 ex
1537 2476 1697 2545 parte
1723 2477 1808 2528 est

230 2558 521 2632 Hibernia,
574 2560 803 2620 dimidio
866 2561 1069 2633 minor,
1129 2567 1195 2619 ut
1260 2560 1586 2630 aestimatur,
1641 2562 1805 2637 quam

229 2649 563 2720 Britannia3
612 2650 708 2709 sed
745 2651 868 2728 pari
907 2650 1091 2727 spatio
1125 2648 1497 2724 transmissus,
1538 2657 1707 2728 atque
1732 2669 1804 2709 ex

228 2739 434 2813 Gallia,
462 2747 548 2800 est
574 2740 630 2798 in
660 2740 1027 2800 Britanniam.
1868 2732 1875 2740 ⁶
