2175 3526
1128 333 1206 392 44

375 493 621 560 tuerunt,
668 494 726 546 et
750 488 941 564 paullo
993 487 1142 547 infra
1191 488 1393 548 delatae
1441 496 1590 548 sunt.
1671 491 1856 551 Caesar
1893 494 1949 552 in

374 576 564 654 Belgis
603 578 851 636 omnium
890 577 1174 654 legionum
1208 579 1441 639 hiberna
1477 581 1786 641 constituit.
1866 583 1951 643 Εὖ

373 667 498 726 duae
532 668 756 727 omnino
787 668 1045 728 civitates
1082 689 1159 728 ex
1196 670 1492 730 Britannia
1525 671 1743 732 obsides
1780 674 1951 733 mise-

372 765 523 818 runt.
608 780 613 783 *

617 914 680 974 Ο.
801 915 993 977 C'oesar
1028 916 1098 974 in
1133 916 1510 976 Britanniam
1545 918 1710 975 redit.

446 1017 692 1078 Labieno
717 1018 777 1076 in
803 1019 1142 1091 continente,
1170 1039 1298 1078 cum
1334 1018 1515 1077 tribus
1549 1018 1862 1096 legionibus
1886 1028 1946 1081 et

366 1108 619 1188 equitum
643 1109 892 1168 millibus
918 1109 1150 1184 duobus,
1177 1109 1387 1183 relicto,
1411 1109 1612 1183 Caesar,
1628 1130 1755 1169 cum
1782 1112 1944 1190 quin-

366 1219 476 1277 que
514 1199 824 1277 legionibus
859 1207 916 1260 et
949 1200 1072 1277 pari
1115 1219 1345 1258 numero
1390 1199 1659 1277 equitum,
1694 1221 1858 1279 quem
1884 1202 1945 1260 in

363 1291 671 1350 continenti
711 1291 1077 1369 relinquebat,
1124 1290 1256 1349 solis
1296 1310 1494 1349 occasu
1528 1310 1700 1349 naves
1733 1292 1944 1364 solvit3

363 1389 439 1454 et,
467 1381 687 1442 delatus
711 1389 870 1457 aestn,
895 1389 1021 1441 orta
1044 1381 1187 1455 luce,
1213 1381 1317 1439 sub
1342 1381 1569 1440 sinistra
1591 1381 1941 1442 Britanniam

363 1473 615 1531 relictam
653 1473 962 1549 conspexit.
1062 1472 1209 1531 Tum
1242 1491 1449 1545 rursus,
1484 1471 1653 1531 aestfis
1693 1493 1940 1533 commu-

362 1563 630 1622 tationem
667 1571 906 1636 secutus,
944 1563 1113 1622 remis
1147 1562 1451 1634 contendit,
1480 1570 1543 1620 ut
1568 1582 1692 1622 eam
1722 1572 1940 1641 partem

362 1655 557 1713 insulae
601 1659 842 1730 caperet,
891 1673 1002 1730 qua
1042 1652 1315 1728 optimum
1360 1672 1479 1711 esse
1524 1672 1806 1728 egressum
1844 1674 1939 1714 su·
2039 1724 2042 1727 ¹

360 1745 575 1823 periore
626 1750 820 1804 aestate
869 1749 1226 1819 cognoverat.
1333 1742 1531 1822 Neque
1582 1743 1643 1802 in
1694 1765 1760 1803 eo
1813 1746 1935 1807 loco

360 1836 534 1894 hostis
558 1841 643 1894 est
676 1834 847 1908 visus,
887 1833 1003 1907 sed,
1041 1841 1104 1892 ut
1141 1841 1337 1911 postea
1382 1834 1567 1893 Oaesar
1591 1855 1666 1893 ex
1698 1837 1937 1913 captivis

357 1925 646 2003 comperit,
690 1945 863 2003 quum
905 1944 1127 2001 magnae
1170 1944 1369 1983 manus
1414 1926 1482 1983 eo
1526 1927 1934 2000 convenissent,

358 2016 718 2075 multitudine
774 2015 1004 2073 navium
1061 2015 1389 2092 perterritas,
1436 2035 1473 2073 a
1516 2015 1678 2075 litore
1729 2016 1935 2078 disces-

355 2112 562 2181 serant,
590 2126 656 2165 ac
681 2126 741 2172 se
766 2106 825 2164 in
851 2105 1140 2183 superiora
1164 2106 1288 2165 loca
1311 2105 1658 2164 abdiderant.

615 2262 715 2321 01.
794 2262 1040 2321 Frustra
1077 2262 1340 2321 resistunt
1375 2263 1671 2321 Britanni.

433 2368 636 2440 Caesar,
670 2365 925 2443 exposito
960 2365 1228 2438 exercitu,
1265 2372 1323 2424 et
1354 2365 1474 2424 loco
1512 2366 1708 2424 castris
1733 2366 1931 2427 idoneo

352 2465 535 2535 capto,
587 2457 657 2516 de
707 2456 876 2515 tertia
919 2456 1119 2531 vigilia
1168 2454 1242 2513 ad
1282 2456 1468 2514 hostes
1512 2457 1817 2531 contendit,
1863 2477 1929 2517 eo

351 2549 535 2607 minus
578 2546 792 2606 veritus
828 2545 1082 2617 navibus,
1118 2546 1268 2623 quod
1292 2545 1352 2604 in
1387 2547 1548 2606 litore
1578 2546 1735 2606 molli
1760 2554 1930 2626 atque

350 2646 546 2716 aperto
573 2637 846 2714 deligatas
872 2636 945 2694 ad
975 2636 1274 2695 anchoram
1300 2636 1669 2714 relinquebat.
1737 2637 1793 2695 N
1796 2646 1924 2698 octu

351 2748 670 2807 progressus
696 2727 873 2786 millia
907 2746 1172 2803 passuum
1209 2726 1431 2785 circiter
1464 2726 1771 2800 duodecim,
1799 2727 1926 2786 hos-

349 2819 493 2878 tium
512 2818 699 2894 copias
739 2817 1089 2894 conspicatus
1123 2823 1226 2876 est.
1323 2815 1440 2891 Illi,
1477 2817 1731 2896 equitatu
1757 2824 1927 2895 atque

348 2909 554 2970 essedis
579 2908 652 2968 ad
678 2909 884 2968 flumen
909 2908 1206 2986 progressi,
1232 2927 1308 2968 ex
1333 2908 1455 2966 loco
1489 2907 1771 2986 superiore
1798 2927 1924 2967 nos-
