2175 3526
1032 341 1103 396 51

275 516 381 574 que
406 516 472 554 eo
499 497 730 573 impetu,
758 496 966 555 milites
1005 496 1208 570 ierunt,
1236 515 1406 573 quum
1433 497 1617 575 capite
1642 494 1760 553 solo
1786 514 1856 553 ex

272 607 420 664 aqua
456 595 759 659 exstarent,
800 594 866 647 ut
902 586 1090 645 hostes
1127 586 1400 663 impetum
1450 586 1722 645 sustinere
1748 605 1857 644 non

274 683 514 758 possent,
541 697 607 735 ac
634 696 694 736 se
719 677 868 754 fugae
894 677 1243 736 mandarent.

455 830 671 895 CXIV.
768 832 1217 895 Cassivellaunus
1254 842 1472 891 strenue
1509 833 1647 908 ayit.

355 934 826 1008 Cassivellaunus,
852 935 1097 994 dimissis
1122 935 1485 1012 amplioribus
1510 935 1703 1012 copiis,
1729 933 1858 992 mil-

271 1025 416 1084 libus
468 1024 690 1085 circiter
756 1033 996 1103 quatuor
1050 1026 1453 1085 essedariorum
1507 1025 1735 1098 relictis,
1790 1025 1859 1082 iis

273 1115 608 1192 regionibus,
672 1116 872 1194 quibus
924 1136 1027 1175 nos
1065 1116 1175 1174 iter
1213 1116 1456 1175 facturos
1500 1104 1857 1195 cognoverat,

268 1225 471 1281 pecora.
511 1213 680 1284 atque
718 1205 973 1265 homines
998 1226 1071 1265 ex
1111 1206 1261 1282 agris
1306 1205 1366 1264 in
1404 1205 1577 1265 silvas
1615 1205 1854 1282 compel-

269 1295 420 1355 lebat
441 1318 459 1367 ς
500 1304 575 1369 et,
592 1316 764 1375 quum
790 1296 1074 1374 equitatus
1119 1303 1307 1354 noster
1331 1296 1577 1369 liberius,
1604 1295 1857 1372 praedan.

269 1386 327 1445 di
355 1387 723 1466 vastandique
762 1406 946 1460 causa,
973 1405 1034 1446 se
1060 1386 1120 1445 in
1146 1406 1310 1463 agros
1349 1386 1676 1459 effunderet,
1704 1404 1854 1444 esse-

269 1477 452 1536 darios
478 1497 553 1536 ex
579 1478 739 1537 silvis
765 1477 1094 1548 emittebat3
1134 1485 1210 1550 et,
1226 1496 1431 1553 magno
1456 1496 1583 1534 cum
1609 1476 1858 1552 periculo

268 1575 582 1628 nostrorum
621 1569 892 1646 equitum,
921 1578 1050 1626 cum
1076 1567 1146 1626 iis
1172 1566 1525 1643 confligebat,
1552 1573 1723 1645 atque
1749 1567 1851 1625 hoe

267 1665 421 1718 metu
446 1659 618 1718 latius
649 1658 841 1736 vagari
868 1658 1219 1735 prohibebat.
1301 1656 1763 1735 Relinquebatur,
1791 1663 1854 1714 ut

268 1770 447 1828 neque
485 1750 707 1828 longius
732 1749 803 1809 ab
842 1750 1066 1827 agmine
1107 1749 1391 1827 legionum
1430 1747 1637 1807 discedi
1666 1747 1855 1807 Caesar

267 1847 569 1918 pateretur,
596 1849 654 1900 et
693 1849 915 1900 tantum
943 1841 1003 1899 in
1029 1841 1179 1917 agris
1220 1839 1525 1914 vastandis,
1554 1839 1854 1899 incendiis-

267 1950 376 2010 que
400 1932 686 2006 faciendis,
712 1932 964 1992 hostibus
1002 1939 1313 1994 noceretur.

496 2086 678 2146 CXV.
761 2088 1133 2146 Trinobantes
1168 2108 1223 2146 se
1259 2088 1607 2148 submittunt.

343 2189 581 2249 Interim
636 2190 1009 2250 Trinobantes
1060 2190 1279 2266 legatos
1304 2190 1378 2248 ad
1418 2191 1693 2248 Caesarem
1718 2189 1851 2247 mit-

267 2288 412 2356 tunt,
453 2282 900 2360 pollicenturque
938 2300 1058 2340 sese
1099 2281 1152 2341 ei
1204 2280 1509 2353 dedituros,
1549 2287 1720 2358 atque
1747 2279 1851 2337 im-

266 2379 461 2449 perata
485 2372 748 2431 facturos.
819 2372 930 2431 His
958 2373 1145 2431 Gaesar
1169 2372 1409 2448 imperat
1429 2371 1649 2430 obsides
1676 2370 1852 2448 quad-

267 2463 506 2539 raginta,
533 2464 985 2540 frumentumque
1011 2463 1324 2533 exercitui3
1367 2461 1854 2521 Mandubratium·

267 2571 375 2630 que
400 2555 474 2611 ad
493 2573 586 2611 eos
613 2554 806 2612 mittit.
876 2553 973 2612 Illi
1001 2554 1278 2631 imperata
1301 2552 1557 2612 celeriter
1582 2552 1851 2612 fecerunt.

266 2642 581 2720 Cognoscit,
608 2663 721 2702 non
747 2645 913 2721 longe
939 2665 1014 2703 ex
1039 2664 1107 2704 eo
1134 2646 1255 2704 loco
1282 2643 1549 2721 oppidum
1577 2642 1854 2701 Cassivel-

264 2733 419 2793 launi
451 2734 659 2793 abesse.
739 2732 1022 2812 Oppidum
1074 2741 1265 2795 autem
1318 2733 1578 2793 Britanni
1631 2741 1853 2816 vocant,

264 2844 436 2902 quum
461 2825 634 2884 silvas
660 2825 957 2902 impeditas
982 2825 1135 2885 vallo
1162 2831 1332 2903 atque
1347 2825 1497 2884 fossa
1511 2826 1850 2895 munierunt.

265 2915 348 2973 Eo
389 2915 759 2992 proficiscitur
810 2936 938 2975 cum
990 2915 1342 2994 legionibus3
1410 2916 1594 2975 locum
1645 2915 1854 2992 reperit

267 3006 489 3084 egregie
515 3014 718 3066 natura
742 3013 912 3085 atque
941 3027 1110 3084 opere
1131 3007 1448 3076 munitum3
1488 3016 1678 3066 tamen
1705 3007 1852 3065 hune
