2175 3526
1019 335 1094 393 37

265 488 608 567 monuitque,
637 488 756 569 (ut)
783 488 856 547 ad
881 495 1081 547 nutum
1102 508 1294 549 omnes
1317 509 1406 549 res
1431 490 1503 549 ab
1529 491 1598 549 iis
1624 492 1841 550 admin-

264 578 612 638 istrarentur.
713 578 824 638 His
860 579 1120 653 dimissis,
1163 586 1222 640 et
1266 586 1500 639 ventum
1543 588 1602 639 et
1652 589 1849 641 aestum

265 689 376 728 uno
401 676 651 746 tempore
677 677 874 729 nactus
908 670 1230 743 secundum,
1258 670 1481 730 circiter
1514 671 1699 730 millia
1722 692 1850 748 pas-

262 779 425 818 suum
477 768 693 836 septem
744 760 816 818 ab
861 780 927 818 eo
979 760 1103 819 loco
1152 781 1493 837 progressus,
1544 769 1741 839 aperto
1787 783 1852 821 ac

263 849 431 926 plano
458 849 622 909 litore
647 869 820 909 naves
847 850 1154 909 constituit.

380 1003 718 1063 LXXXVI.
835 1005 1056 1080 Eqredi
1084 1006 1390 1080 prohibent
1434 1008 1736 1066 Britanni.

341 1106 424 1164 At
458 1106 698 1180 barbari,
724 1107 955 1165 oonsilio
1000 1107 1381 1165 Romanorum
1430 1110 1672 1186 cognite,
1708 1129 1852 1185 prae-

262 1197 431 1255 misso
456 1197 711 1274 equitatu
737 1203 798 1255 et
821 1196 1131 1270 essedariis,
1157 1217 1268 1274 quo
1292 1197 1620 1277 plerumque
1647 1219 1853 1275 genere

261 1287 321 1345 in
346 1287 559 1363 proeliis
586 1286 671 1344 uti
698 1286 1051 1360 consuerunt,
1078 1287 1314 1365 reliquis
1349 1287 1523 1364 copiis
1549 1289 1848 1362 subsecuti,

260 1383 479 1436 nostros
506 1376 743 1434 navibus
769 1376 960 1451 egredi
998 1377 1388 1453 prohibebant.
1470 1378 1626 1451 Erat,
1655 1378 1726 1436 ob
1751 1379 1853 1438 has

260 1486 471 1540 causas,
488 1486 708 1524 summa
727 1465 1044 1540 difficultas,
1062 1466 1212 1545 quod
1230 1486 1422 1540 naves,
1443 1475 1677 1545 propter
1693 1489 1854 1546 mag·-

261 1556 594 1629 nitudinem‚
639 1555 749 1615 nisi
794 1556 855 1615 in
902 1557 1036 1630 alto,
1081 1557 1348 1617 constitui
1393 1577 1508 1618 non
1560 1566 1843 1635 poterant.

261 1647 540 1706 Militibus
568 1654 785 1720 autem,
822 1647 1029 1724 ignotis
1055 1647 1209 1721 locis,
1246 1647 1532 1725 imp‘editis
1571 1648 1849 1721 manibus,

258 1738 425 1797 simul
468 1743 526 1798 et
573 1737 644 1797 de
684 1737 923 1798 navibus
964 1737 1351 1812 desiliendum,
1392 1747 1451 1799 et
1492 1740 1549 1799 in
1591 1740 1853 1799 fiuctibus

258 1828 689 1901 consistendum,
717 1834 775 1888 et
821 1849 948 1888 cum
983 1829 1237 1888 hostibus
1273 1836 1395 1889 erat
1437 1831 1810 1907 pugnandum
1834 1865 1855 1916 3

259 1939 431 1997 quum
456 1919 543 1977 illi
582 1925 683 1977 aut
729 1939 803 1977 ex
847 1919 1023 1992 arido,
1051 1928 1150 1979 aut
1194 1921 1511 1997 paullulum
1560 1922 1620 1978 in
1648 1942 1855 2000 aquam

257 2009 553 2085 progressi,
608 2009 864 2068 omnibus
913 2010 1179 2068 membris
1230 2011 1501 2088 expediti,
1545 2011 1855 2071 notissimis

140 2134 145 2139 -
258 2098 412 2173 locis,
432 2100 699 2159 audacter
721 2100 838 2158 tela
855 2099 1209 2177 conjicerent,
1230 2108 1289 2160 et
1308 2121 1480 2179 equos
1507 2101 1849 2161 insuefactos

258 2188 576 2249 incitarent.

377 2343 753 2403 LXXXVII.
833 2345 1085 2405 Romani
1114 2346 1410 2420 perterriti
1446 2357 1594 2405 sunt.

339 2446 552 2518 Quibus
590 2448 754 2506 rebus
792 2448 969 2506 nostri
994 2448 1298 2525 perterriti,
1327 2456 1504 2525 atque
1543 2448 1708 2526 hujus
1735 2469 1854 2507 om-

240 2537 392 2596 ‘uino
417 2538 637 2614 generis
662 2558 868 2615 pugnae
902 2538 1173 2615 imperiti,
1202 2558 1316 2597 non
1342 2539 1537 2598 eadem
1563 2539 1853 2599 alacritate

257 2647 324 2707 ae
363 2627 568 2700 studio,
598 2648 707 2705 quo
733 2628 794 2685 in
829 2628 1180 2706 pedestribus
1212 2629 1297 2687 uti
1336 2628 1548 2706 proeliis
1580 2649 1852 2687 consuev-

258 2724 436 2791 erant,
505 2717 846 2776 nitebantur.
958 2718 1122 2789 Quod
1198 2718 1293 2776 ubi
1356 2719 1543 2778 Oaesar
1603 2718 1852 2777 animum

259 2806 524 2880 advertit,
577 2827 750 2866 naves
802 2808 1016 2885 longas,
1071 2828 1308 2886 quarum
1357 2816 1417 2868 et
1468 2809 1679 2885 species
1731 2818 1850 2867 erat

261 2896 511 2956 barbaris
554 2896 891 2973 inusitatior,
920 2905 978 2957 et
1009 2905 1195 2957 motus
1224 2898 1296 2957 ad
1324 2918 1485 2958 usum
1517 2898 1846 2977 expeditior,
