2175 3526
1085 287 1123 342 8

289 438 304 467 ‘
362 438 637 515 deponere
662 437 872 514 posse?
955 437 1186 511 Tamen,
1222 439 1269 497 si
1310 439 1527 498 obsides
1565 447 1636 498 ab
1677 442 1748 499 iis
1791 442 1897 500 sibi

296 563 311 588 e
361 528 582 601 dentur,
610 527 695 586 uti
723 547 807 599 ea,
840 547 964 604 quae
990 528 1380 603 polliceantur,
1408 530 1655 588 facturos
1683 531 1897 590 intelli·

297 643 309 667 ι
361 626 477 694 gat,
505 626 582 691 et,
611 620 659 676 si
689 618 893 676 AEduis
920 618 990 677 de
1019 618 1255 695 injuriis,
1285 639 1422 696 quas
1450 620 1585 696 ipsis
1624 622 1900 700 sociisque

306 711 322 740 ⁸
361 728 553 766 eorum
584 709 898 781 intulerint,
928 709 1068 767 item
1103 710 1151 766 si
1188 709 1586 786 Allobrogibus
1624 713 1898 770 satisfaci-

309 803 323 831 ·“
361 805 478 869 ant,
505 817 624 857 sese
653 818 781 857 cum
809 797 880 855 iis
912 818 1109 875 pacem
1134 799 1471 858 facturum.”

507 964 702 1023 XXV.
822 966 1025 1027 Castra
1064 977 1291 1025 movent.
1373 968 1704 1043 Puqnatur.

383 1068 586 1128 Divico
613 1069 904 1146 respondit
925 1092 942 1140 3
1008 1077 1045 1105 “
1076 1070 1171 1129 Ita
1211 1072 1510 1130 Helvetios
1538 1093 1573 1130 a
1596 1073 1899 1148 majoribus

310 1172 325 1196 ⁵
364 1161 477 1220 suis
503 1162 788 1220 institutos
815 1181 953 1235 esse,
977 1163 1062 1219 uti
1089 1162 1307 1221 obsides
1322 1163 1593 1239 accipere,
1614 1184 1725 1221 non
1747 1165 1898 1238 dare,

311 1263 327 1289 ‘
366 1253 792 1322 consueverint3
834 1253 955 1329 ejus
981 1253 1062 1311 rei
1105 1253 1381 1330 Populum
1422 1252 1737 1312 Romanum
1776 1274 1895 1313 esse

307 1356 322 1380 ⁶
365 1345 618 1404 testem.”
698 1343 825 1403 Hoc
852 1365 1115 1420 responso
1137 1345 1287 1418 date,
1315 1345 1586 1404 discessit.
1668 1345 1898 1404 Postero

304 1436 398 1494 die
423 1442 607 1494 castra
632 1454 707 1493 ex
733 1454 799 1493 eo
826 1435 949 1493 loco
975 1442 1222 1493 movent.
1303 1434 1467 1495 Idem
1526 1436 1663 1493 facit
1692 1435 1897 1494 Gaesar.

308 1524 645 1603 Equitatum
692 1543 914 1582 omnem
958 1525 1272 1600 praemittit,
1314 1524 1410 1603 qui
1470 1525 1718 1596 videant,
1760 1545 1898 1602 quas

312 1615 372 1670 in
414 1621 602 1690 partes
643 1613 829 1672 hostes
875 1613 984 1672 iter
1028 1614 1259 1672 faciant.
1351 1614 1478 1684 Qui,
1527 1615 1710 1673 alieno
1757 1616 1897 1688 loce,

296 1723 442 1778 ‘cum
467 1704 723 1782 equitatu
767 1703 1162 1762 Helvetiorum
1199 1704 1478 1781 proelium.
1501 1706 1860 1763 committunt
1883 1731 1899 1779 3

311 1802 369 1853 et
412 1795 577 1872 pauci
623 1794 694 1853 de
739 1795 944 1853 nostris
986 1795 1214 1853 cadunt.
1324 1793 1578 1853 Helvetii
1627 1797 1899 1855 audacius

307 1884 622 1959 subsistere,
667 1905 1069 1962 nonnunquam
1119 1892 1337 1942 nostros
1376 1885 1667 1958 lacessere,
1716 1905 1896 1963 coepe-

311 1983 460 2034 runt.

503 2064 736 2123 XXVI.
816 2067 955 2123 Iter.
1038 2066 1429 2124 Frumentum.

387 2167 574 2228 Oaesar
598 2188 727 2227 suos
747 2189 783 2226 a
806 2169 1003 2245 proelio
1022 2168 1374 2238 continebat3
1402 2188 1468 2226 ae
1488 2169 1624 2228 satis
1641 2170 1897 2244 habebat,

308 2259 368 2316 in
396 2260 710 2335 praesentia,
738 2260 952 2317 hostem
991 2259 1202 2335 rapinis
1240 2260 1551 2335 prohibere.
1647 2260 1744 2319 Ita
1781 2260 1899 2319 dies

309 2349 531 2407 circiter
557 2349 872 2425 quindecim
901 2349 1010 2407 iter
1035 2349 1306 2422 fecerunt,
1348 2349 1450 2421 uti,
1477 2350 1626 2407 inter
1661 2350 1899 2408 novissi-

311 2459 464 2497 mum
492 2439 735 2496 hostium
764 2459 966 2516 agmen
993 2447 1051 2498 et
1077 2449 1328 2499 nostrum
1355 2441 1615 2516 primum,
1644 2461 1758 2498 non
1779 2462 1897 2499 am-

313 2531 458 2607 plius
486 2530 670 2608 quinis
697 2539 795 2588 aut
821 2531 970 2589 senis
1007 2530 1258 2589 millibus
1296 2551 1560 2607 passuum
1586 2531 1896 2590 interesset.

316 2622 550 2679 Interim
579 2621 828 2698 quotidie
870 2622 1054 2679 Oaesar
1097 2620 1314 2679 AEduos
1353 2622 1713 2693 frumentum,
1750 2622 1897 2698 quod

310 2720 495 2769 essent
534 2710 757 2787 publice
796 2711 1051 2788 polliciti,
1093 2711 1363 2786 flagitare.
1464 2710 1516 2768 N
1521 2731 1631 2784 am,
1670 2718 1898 2787 propter

312 2802 537 2877 frigora,
578 2822 691 2860 non
730 2801 894 2859 modo
933 2802 1218 2860 frumenta
1253 2801 1315 2859 in
1350 2802 1500 2878 agris
1524 2809 1749 2859 matura
1786 2822 1895 2859 non

310 2898 490 2961 erant,
536 2891 635 2950 sed
682 2911 753 2950 ne
795 2892 988 2968 pabuli
1032 2892 1255 2970 quidem
1301 2893 1439 2953 satis
1482 2912 1688 2968 magna
1738 2892 1897 2968 copia
