2175 3526
940 332 1020 394 45

197 499 315 551 tros
341 490 631 569 probibere
671 495 976 566 coeperunt.
1056 484 1291 564 Repulsi
1318 505 1377 545 se
1403 486 1464 544 in
1489 486 1660 545 silvas
1684 485 1783 545 ab·

196 583 478 655 diderunt,
512 582 698 640 locum
743 578 897 637 nacti
934 577 1158 654 egregie
1193 582 1253 636 et
1290 583 1493 635 natura
1518 582 1577 634 et
1621 596 1787 653 opere

197 673 514 741 munitum3
565 690 699 728 nam
744 669 952 728 crebris
996 667 1287 726 arboribus
1328 666 1553 725 succisis
1598 686 1788 726 omnes

200 764 467 823 introitus
506 767 668 820 erant
697 759 971 836 praeclusi.
1052 757 1174 834 Ipsi
1213 777 1288 816 ex
1326 756 1485 815 silvis
1515 757 1627 815 rari
1656 776 1787 833 pro-

205 852 550 932 pugnabant,
601 857 933 926 nostrosque
985 848 1137 906 intra
1187 847 1525 906 munitiones
1569 846 1788 923 ingredi

197 943 584 1021 prohibebant.
689 940 772 998 At
833 938 1043 996 milites
1089 936 1326 1013 legionis
1370 937 1638 1014 septimae,
1675 943 1787 995 tes-

197 1033 392 1092 tudine
419 1033 588 1100 facta„
615 1037 673 1090 et
708 1047 915 1105 aggere
939 1027 1013 1087 ad
1051 1025 1392 1086 munitiones
1429 1026 1665 1104 adjecto,
1692 1045 1787 1087 eos

140 1170 147 1191 .
195 1144 270 1183 ex
294 1123 452 1182 silvis
477 1121 834 1198 expulerunt.
865 1109 899 1144 ⁴

317 1277 450 1338 011.
574 1274 814 1337 Caesaris
851 1291 1016 1332 naves
1053 1278 1360 1344 tempestate
1397 1271 1746 1345 affliyuntur.

275 1380 553 1440 Postridie
579 1378 699 1455 ejus
718 1375 849 1448 diei,
869 1393 1052 1446 mane,
1080 1372 1367 1448 tripartito
1393 1371 1603 1430 milites
1628 1372 1787 1449 equi·

196 1479 391 1550 tesque
418 1471 478 1528 in
505 1467 921 1546 expeditionem
946 1463 1121 1537 misit,
1150 1464 1215 1520 ut
1241 1481 1352 1534 eos,
1382 1461 1480 1539 qui
1506 1462 1786 1538 fugerant,

198 1566 679 1642 persequerentur.
750 1556 860 1615 His
872 1555 1230 1632 aliquantum
1258 1551 1475 1635 itineris
1500 1570 1787 1628 progress-

199 1656 262 1728 is,
285 1673 457 1731 quum
475 1650 596 1729 jam
622 1646 861 1707 extremi
887 1650 1074 1704 essent
1090 1643 1151 1700 in
1177 1649 1496 1719 prospectu,
1524 1641 1738 1719 equites
1753 1663 1787 1702 a

199 1745 408 1820 Quinto
430 1740 594 1801 Atrio
614 1738 687 1798 ad
715 1738 988 1797 Gaesarem
1008 1737 1303 1805 venerunt,
1322 1732 1419 1811 qui
1436 1731 1785 1805 nunciarent,

199 1835 478 1913 superiore
519 1837 684 1890 nocte
738 1827 988 1886 maxima
1017 1830 1208 1884 coorta
1242 1829 1589 1899 tempestate,
1616 1842 1788 1899 prope

198 1943 388 1985 omnes
414 1941 587 1980 naves
623 1918 874 1989 afflictas,
902 1922 1072 1992 atque
1099 1913 1161 1971 in
1186 1913 1351 1971 litore
1386 1909 1590 1990 ejectas
1628 1931 1747 1971 esse
1767 1935 1786 1983 ς

198 2016 348 2095 quod
373 2031 555 2090 neque
581 2009 835 2069 anchorae
874 2008 1146 2082 funesque
1194 2002 1578 2075 subsisterent,
1606 2021 1790 2078 neque

199 2112 382 2164 nautae
415 2101 924 2180 gubernatoresque
971 2095 1089 2155 vim
1123 2092 1246 2170 pati
1284 2090 1633 2169 tempestatis
1658 2110 1786 2168 pos-

197 2203 338 2256 sent.

321 2348 491 2408 0111.
575 2344 818 2408 Caesaris
856 2339 1177 2417 diliqentia.

275 2454 462 2513 Oaesar
509 2449 758 2526 legiones
808 2444 1232 2523 equitatumque
1286 2437 1538 2497 revocari
1583 2435 1785 2514 jubet3

198 2546 319 2621 ipse
343 2542 417 2601 ad
455 2558 628 2599 naves
663 2535 1003 2604 revertitur3
1042 2530 1257 2602 eadem,
1286 2548 1410 2607 quae
1455 2546 1530 2585 ex
1569 2526 1788 2585 nunciis

196 2636 554 2711 cognoverat,
579 2627 862 2705 perspicit,
889 2624 970 2683 sic
996 2629 1078 2695 ut,
1107 2619 1326 2679 amissis
1362 2617 1585 2677 circiter
1610 2616 1786 2693 quad-

198 2725 423 2801 raginta
461 2720 717 2792 navibus,
763 2716 993 2794 reliquae
1019 2720 1212 2771 tamen
1250 2708 1405 2767 refici
1442 2725 1604 2785 posse
1628 2705 1788 2764 vide-

199 2820 410 2875 rentur.
491 2810 696 2887 ltaque
721 2827 796 2866 ex
822 2802 1135 2882 legionibus
1175 2799 1362 2860 fabros
1388 2796 1605 2873 deligit,
1631 2801 1689 2855 et
1712 2814 1787 2854 ex

199 2901 508 2967 continenti
561 2900 701 2958 alios
762 2893 1015 2957 arcessiri
1061 2891 1242 2970 jubet.
1349 2886 1472 2947 Etsi
1526 2904 1615 2945 res
1666 2893 1787 2945 erat
1845 2963 1850 2969 .
