2175 3526
973 367 1041 423 19

220 527 237 556 ‘
272 521 469 596 proelio
514 522 732 593 vicerit,
771 496 1005 597 sunerbe
1052 528 1111 579 et
1150 521 1451 580 crudeliter
1501 520 1794 596 imperare,

220 618 238 644 ⁶
281 610 500 669 obsides
536 611 863 669 nobilissimi
903 612 1170 690 cujusque
1209 611 1412 669 liberos
1456 629 1697 687 poscere,
1732 620 1792 669 et

223 710 239 735 ⁴
286 703 344 759 in
370 721 465 760 eos
491 702 678 760 omnia.
703 702 964 778 exempla.
985 702 1374 780 cruciatusque
1399 701 1580 760 edere.
1663 701 1787 760 Ho-

228 798 247 826 ‘
287 791 494 850 minem
521 810 639 863 esse
680 791 990 864 barbarum,
1029 792 1375 864 iracundum,
1402 789 1797 862 temerarium3

222 887 240 917 ‘
281 901 391 939 non
425 900 585 958 posse
623 880 742 958 ejus
780 881 1016 958 imperia.
1054 881 1265 940 diutius
1303 881 1582 940 sustineri.
1668 881 1791 939 Nisi

226 978 243 1007 ‘
282 970 329 1029 si
358 960 494 1048 quid
531 970 591 1028 in
632 970 845 1047 Populo
885 971 1137 1029 Romano
1176 971 1251 1030 sit
1287 971 1507 1043 auxilii,
1542 969 1795 1029 omnibus

220 1070 236 1098 ‘
279 1060 463 1119 Gallis
485 1059 633 1118 idem
659 1080 778 1119 esse
817 1060 1151 1133 faciendum,
1181 1061 1330 1138 quod
1358 1060 1612 1119 Helvetii
1643 1060 1798 1118 feee-

225 1161 239 1187 ‘
282 1150 414 1221 rint,
444 1157 505 1207 ut
532 1151 671 1207 alias
697 1149 871 1220 sedes,
899 1156 1138 1208 remotas
1164 1169 1200 1208 a
1226 1150 1538 1222 Germanis,
1565 1158 1793 1226 petant-3

222 1245 241 1275 ‘
278 1240 689 1317 fortunamque,
746 1258 1089 1316 quaecunque
1129 1238 1364 1312 aecidat,
1413 1239 1798 1316 experiantur.

223 1339 237 1364 ‘
280 1330 552 1387 Gaesarom
599 1328 876 1386 deterrere
929 1347 1108 1403 posse,
1159 1347 1230 1386 ne
1278 1327 1457 1405 major
1496 1327 1801 1386 multitudo

221 1424 239 1454 ‘
277 1419 680 1479 Germanorum
711 1417 969 1475 Rhenum
996 1416 1445 1475 transducatur.”

530 1571 749 1631 XLIX.
833 1574 919 1631 De
951 1573 1249 1647 Sequanis.

298 1676 424 1736 Hae
450 1677 700 1734 oratione
725 1675 935 1749 habita,
963 1694 1171 1745 omnes,
1204 1675 1300 1754 qui
1323 1676 1573 1747 aderant,
1596 1695 1805 1755 magno

221 1769 355 1827 fletu
381 1768 656 1826 auxilium
695 1788 732 1825 a
764 1769 979 1827 Gaesare
1006 1775 1198 1844 petere
1223 1774 1527 1844 ooeperuut.
1594 1768 1794 1826 Anim—

219 1859 465 1917 advertit
521 1858 721 1930 Caesar,
783 1878 923 1916 unos
964 1857 1250 1936 Sequanos
1290 1858 1432 1915 nihil
1472 1877 1662 1916 earum
1705 1879 1792 1917 re-

219 1969 341 2005 rum
368 1949 568 2020 facere,
609 1968 746 2026 quas
786 1948 954 2006 ceteri
995 1948 1281 2017 facerent3
1321 1947 1420 2007 sed
1456 1948 1644 2007 tristes
1678 1956 1789 2009 ter-

219 2058 338 2095 ram
364 2037 588 2096 intueri.
673 2036 804 2115 Ejus
837 2038 916 2096 rei
956 2057 1125 2096 eausa
1167 2058 1291 2115 quoe
1330 2044 1492 2109 esset,
1519 2058 1691 2116 quum
1721 2042 1793 2100 ab

222 2125 289 2183 iis
325 2127 527 2202 saepius
567 2135 856 2203 quaereret,
896 2146 1077 2204 neque
1117 2128 1292 2185 ullam
1332 2127 1557 2185 omnino
1602 2148 1791 2187 vocem

219 2217 534 2293 exprimere
553 2222 755 2292 posset,
774 2217 923 2275 idem
948 2216 1265 2275 Divitiaeus
1284 2217 1596 2295 respondit;
1624 2214 1800 2276 “Hoo

220 2315 239 2342 ‘
276 2327 396 2366 esse
421 2309 735 2383 graviorem
761 2307 1044 2366 fortunam
1075 2306 1478 2386 Sequanorum,
1508 2308 1659 2386 quod
1688 2310 1794 2367 soli
1905 2367 1914 2372 -

221 2404 240 2432 ‘
280 2417 351 2456 ne
378 2398 437 2454 in
464 2398 683 2455 occulto
716 2397 940 2475 quidem
968 2397 1144 2475 queri,
1172 2417 1352 2476 neque
1390 2398 1664 2456 auxilium
1687 2400 1790 2456 im-

221 2495 240 2522 ‘
278 2488 516 2563 plorare,
544 2488 830 2559 auderent,
858 2487 1212 2569 absentisque
1246 2488 1517 2546 Ariovisti
1556 2487 1792 2548 crudeli-

222 2583 241 2610 ‘
282 2584 477 2649 tatem,
504 2577 662 2635 velut
687 2576 735 2635 si
774 2576 1008 2648 adesset,
1036 2576 1373 2636 horrerent.”

533 2731 596 2790 L.
836 2732 1078 2793 C‘oesaris
1112 2732 1427 2791 consilium.

299 2833 409 2892 His
434 2833 599 2892 rebus
623 2833 880 2910 cognitis,
901 2834 1089 2891 Caesar
1107 2832 1399 2892 Gallorum
1425 2834 1639 2893 animos
1658 2855 1792 2896 eon-

223 2922 505 2992 firmavit;
547 2929 583 2959 ‘⁴
600 2922 868 3000 Magnam
894 2942 954 2981 se
980 2921 1185 2983 habere
1209 2942 1384 3002 spem,
1405 2923 1672 2983 beneficio
1689 2942 1793 2985 suo
