2175 3526
1073 315 1112 370 ὅ

306 473 324 502 ‘
369 485 488 525 esse
517 466 575 524 in
603 468 808 540 anim0,
837 468 956 526 sine
998 468 1113 526 ullo
1138 467 1430 541 maleficio,
1472 468 1580 527 iter
1615 490 1715 546 per
1750 490 1877 546 pro-

302 564 319 591 ‘
370 556 611 615 vinciam
664 558 905 617 facere.”
1007 559 1209 631 Caesar,
1261 580 1296 617 a
1348 559 1474 617 lacu
1516 560 1761 620 Lemano
1810 561 1878 617 ad

301 654 547 704 montem
574 647 794 719 Jnram,
822 668 1044 705 murum
1072 649 1385 726 fossamque
1411 648 1685 725 perducit.
1766 648 1818 706 N
1823 668 1881 706 e-

297 745 415 812 gat,
462 745 498 772 “
528 737 600 797 Se
646 758 807 814 posse
841 739 951 797 iter
997 740 1100 797 ulli
1146 759 1250 816 per
1298 740 1645 816 provinciam
1692 740 1880 798 dare.”

302 825 749 904 Relinquebatur
774 848 887 885 una
901 848 1002 904 per
1024 829 1310 906 Sequanos
1334 829 1443 902 via,
1463 850 1590 907 qua,
1612 829 1881 908 Sequanis

296 915 512 989 invitis,
541 925 769 994 propter
793 918 1080 993 angustias
1108 918 1188 976 ire
1214 938 1326 976 non
1352 927 1627 995 poterant.

496 1083 700 1142 XVII.
821 1086 1151 1144 Dumnorix
1186 1087 1458 1145 Helvetiis
1496 1089 1723 1145 amicus.

374 1188 486 1247 His
533 1209 707 1268 quum
747 1190 1080 1266 persuadere
1123 1210 1235 1248 non
1273 1198 1515 1266 possent,
1556 1192 1770 1267 legatos
1808 1193 1879 1250 ad

301 1279 706 1357 Dumnorigem
731 1281 985 1352 mittunt,
1010 1289 1095 1355 ut,
1122 1301 1188 1340 eo
1213 1282 1587 1358 deprecatore,
1616 1284 1879 1359 impetra-

295 1375 440 1426 rent.
505 1368 824 1428 Dumnorix
844 1371 994 1447 apud
1018 1371 1305 1448 Sequanos
1320 1371 1623 1448 plurimum
1644 1380 1877 1447 poterat,
1983 1394 1996 1421 ε

293 1468 353 1517 et
381 1458 666 1518 Helvetiis
705 1468 826 1519 erat
864 1462 1094 1535 amicus,
1135 1461 1285 1539 quod
1325 1461 1669 1538 Orgetorigis
1708 1462 1878 1520 filiam

295 1548 355 1605 in
383 1549 802 1607 matrimonium
831 1551 1092 1610 duxerat.
1173 1551 1377 1628 Itaque
1403 1571 1520 1609 rem
1548 1552 1797 1628 suscipit,
1820 1562 1879 1610 et

294 1659 330 1696 a
359 1638 634 1716 Sequanis
671 1640 952 1718 impetrat,
991 1650 1071 1716 ut,
1111 1662 1211 1720 per
1246 1643 1385 1701 fines
1411 1662 1556 1716 suos,
1588 1641 1882 1703 Helvetios

294 1727 376 1788 ire
404 1730 708 1807 patiantur.

492 1898 732 1958 XVIII.
819 1902 1013 1963 Ooesar
1051 1904 1348 1961 exercitum
1386 1904 1586 1962 educit.

375 2000 560 2060 Gaesar
602 2001 662 2058 in
704 2000 932 2061 Italiam
977 2006 1196 2080 magnis
1241 2005 1534 2064 itineribus
1573 2004 1877 2075 contendit,

295 2092 545 2170 duasque
572 2092 650 2150 ibi
678 2093 924 2170 legiones
950 2096 1267 2169 conscribit,
1308 2104 1367 2155 et
1393 2105 1507 2155 tres
1533 2116 1607 2155 ex
1633 2096 1901 2163 hiberni&

292 2182 502 2256 educit,
547 2190 605 2241 et
651 2183 711 2242 in
754 2185 1073 2244 ulteriorem
1122 2187 1383 2260 Galliam,
1425 2208 1529 2265 per
1567 2188 1761 2262 Alpes,
1798 2188 1878 2246 ire

291 2273 601 2333 contendit.
682 2273 754 2332 In
783 2276 921 2333 fines
948 2275 1349 2337 Vocontiorum
1375 2278 1467 2337 die
1493 2278 1729 2354 septimo
1750 2297 1878 2353 per·

293 2363 487 2435 venit;
528 2364 660 2423 inde
688 2364 748 2422 in
775 2365 1145 2442 Allobrogum
1185 2368 1342 2442 fines,
1380 2367 1452 2426 ab
1481 2367 1878 2443 Allobrogibus

290 2455 347 2509 in
388 2453 742 2530 Segusiauos,
783 2455 1093 2516 exercitum
1134 2457 1306 2516 ducit.
1407 2456 1488 2515 Hi
1528 2465 1678 2530 sunt,
1714 2464 1877 2516 extra

290 2544 655 2619 provinciam,
682 2553 841 2604 trans
873 2546 1207 2610 Rhodanum
1235 2548 1421 2625 primi.

491 2710 664 2771 XIX.
811 2714 1139 2790 Leyaciones
1175 2717 1257 2773 ad
1297 2715 1587 2775 Gaesarem.

370 2812 625 2873 Helvetii
644 2816 764 2891 jam
792 2837 893 2893 per
918 2818 1204 2893 angustias
1229 2825 1286 2876 et
1328 2818 1465 2875 fines
1493 2817 1881 2896 Sequanorum

291 2924 418 2964 suas
446 2905 634 2982 copias
660 2909 1112 2981 transduxerant,
1138 2918 1197 2967 et
1237 2908 1552 2970 AEduorum
1590 2931 1750 2988 agros
1775 2930 1868 2988 po-
